3068 5114
201 306 276 380 590
320 269 326 279 ⁶
715 317 855 383 Aruina.

203 532 256 591 quc
278 517 475 572 iusiurandum
502 517 626 588 incpitom
650 530 717 570 erec.
765 514 885 571 Librarii
908 516 1068 572 effecerunt
1090 518 1181 573 coluit
1210 533 1272 573 eom
1295 518 1407 574 ncbm

202 626 233 676 et
255 619 301 675 itti
323 620 431 674 iurasse
454 620 549 673 timuit
571 634 606 673 nc
628 635 646 674 o
665 617 765 690 puello
788 624 817 673 et
838 619 925 675 Lotro
949 618 1041 674 ciebat
1065 637 1184 693 quoquc.

291 719 484 792 Appianus
515 721 668 777 historicus
691 719 770 791 quod
792 720 885 791 prael.
913 727 985 777 extr.
1012 721 1049 778 de
1071 738 1102 778 sc
1126 722 1214 779 refert
1243 717 1343 788 δίκαις
1368 719 1402 781 ἐν

196 811 311 901 Ῥώμῃ
336 810 556 902 οοναγορεόοας
579 813 708 880 ἐπὶτῶν
732 816 892 902 βασιλέων,
918 815 1007 902 μέχρι
1030 842 1067 901 pe
1089 823 1172 904 σφῶν
1188 814 1402 906 ἐπιπροπεόειν

202 913 347 1009 ἠξίωσαν,
373 942 431 984 non
454 926 664 983 administravit
685 942 792 983 munus
811 928 1019 998 procuratoris,
1046 928 1099 984 sed
1124 928 1264 985 honorem
1285 936 1402 986 tanturn

206 1035 382 1087 consecutus
405 1036 458 1085 est.

294 1131 372 1187 lderu
395 1131 426 1187 b.
461 1131 540 1204 liisp.
575 1150 601 1188 c.
630 1136 667 1189 dl
699 1135 814 1204 scripsit
846 1120 1065 1211 Καρχηδονίων
1094 1127 1123 1190 οἱ
1150 1126 1314 1211 στρατηγοὶ
1345 1123 1403 1194 δύο

205 1217 272 1290 ὅντε
295 1222 391 1290 λοιποὶ
413 1222 455 1289 roi
480 1222 532 1290 δύο
551 1220 728 1312 Ἀσδρούβα,
753 1251 809 1293 non
833 1226 885 1293 καὶ
909 1221 962 1293 δύο
982 1222 1156 1315 Ἀσδρούβα,
1181 1243 1209 1292 et
1231 1251 1258 1292 c.
1280 1242 1322 1295 26
1346 1227 1404 1316 τὴν

205 1325 344 1415 στρατιὰν
367 1329 398 1401 ἐς
420 1324 549 1414 ἐπήκοον
573 1331 715 1408 καλέσας,
740 1354 799 1396 non
821 1326 944 1403 ἐλάσας.

293 1439 408 1496 Falsum
431 1447 474 1496 est
497 1439 574 1515 quod
606 1440 682 1498 idem
704 1440 821 1497 tradidit
844 1441 874 1498 b.
901 1443 958 1498 civ.
985 1457 1016 1497 11.
1045 1446 1094 1512 88,
1120 1441 1151 1498 C.
1170 1442 1305 1499 Cassium
1329 1444 1409 1502 Cae·

205 1545 264 1598 sari
286 1550 352 1614 post
374 1558 499 1615 pugnam
523 1543 712 1600 Pharsalicam
735 1545 954 1616 Hellespontum
977 1545 1118 1602 traicienti
1140 1560 1172 1600 se
1195 1545 1363 1605 dedidisse.
