3076 5122
616 322 648 382 lu
672 320 825 383 Connrmo
852 322 970 383 Nmore

739 1480 829 1634 w,

265 1830 376 1936 Eum.
405 1875 433 1952 l,
462 1874 473 1932 l
502 1873 645 1954 paenitet
667 1890 735 1948 me,
761 1870 846 1952 quod
862 1870 974 1935 adhuc
998 1873 1076 1935 haec
1105 1875 1244 1936 retinui:
1287 1876 1387 1938 Halios

193 1980 226 2040 ai
246 1978 356 2039 virtuti
373 1996 435 2057 por
451 1976 524 2037 dcto
547 1982 625 2037 esset
636 1973 775 2054 fortuna,
801 1995 861 2036 oon
880 1975 931 2037 ille
945 1975 1065 2057 quidem
1087 1978 1199 2053 maior,
1224 1978 1281 2040 red
1295 1980 1387 2042 multo

194 2081 347 2143 illustrior
377 2088 465 2161 atque
494 2081 585 2140 ctiam
613 2078 800 2154 honoratior,
837 2079 916 2160 quod
955 2097 1080 2162 mopnor
1108 2079 1243 2143 leontinus
1273 2085 1388 2145 virtute

195 2188 347 2260 mirmur,
372 2188 430 2244 coir
452 2181 589 2263 fortuna.
637 2183 714 2243 Nam
737 2201 809 2244 cum
832 2192 917 2244 recte
941 2183 1030 2245 Paus.
1060 2182 1091 2259 5,
1112 2183 1130 2242 5
1155 2192 1187 2245 et
1202 2183 1268 2246 au.
1296 2186 1350 2264 91,
1370 2187 1389 2246 l·

193 2295 239 2349 est
261 2286 464 2364 adiecissem,
497 2286 618 2366 quippe
642 2283 726 2365 quod
757 2285 789 2346 in
819 2287 1001 2346 narratione
1029 2284 1141 2348 abesse
1171 2305 1235 2347 non
1265 2299 1385 2368 posset,

195 2400 229 2451 ct
259 2391 291 2451 in
323 2388 462 2451 editione
492 2390 608 2450 maiore
638 2387 679 2450 ad
702 2389 812 2449 Thras.
839 2390 869 2465 3,
897 2389 916 2449 2
947 2387 1233 2467 demonstrassem,
1266 2389 1388 2471 quibus

195 2493 437 2555 condicionibus
458 2500 503 2554 est
525 2502 557 2553 et
579 2499 648 2553 erat
668 2510 686 2552 a
703 2493 821 2572 Nepote
844 2493 1055 2569 omitteretur,
1082 2493 1134 2554 hic
1153 2491 1266 2573 fureret
1285 2496 1387 2556 omitti

197 2598 337 2678 potuisse
367 2605 506 2657 statuere
538 2614 600 2656 non
631 2593 745 2672 debui,
778 2595 869 2656 cuius
900 2595 947 2656 rei
980 2595 1102 2656 nullum
1132 2593 1218 2676 apud
1246 2597 1389 2659 melioris

196 2699 328 2780 quidem
351 2701 463 2760 aetatis
486 2700 672 2778 scriptorem
697 2698 878 2779 exemplum
895 2709 954 2759 est.
990 2699 1109 2760 Fuisset
1122 2707 1228 2760 autem
1249 2702 1386 2780 requiri,

197 2820 272 2880 non,
298 2812 333 2864 ut
355 2802 556 2863 Fleckeiseno
580 2802 612 2861 in
636 2801 746 2861 Philol.
773 2819 813 2861 rr.
839 2802 896 2860 33t
926 2802 1030 2862 visum
1054 2811 1119 2879 ost,
1146 2808 1239 2879 erret,
1274 2812 1307 2864 et
1330 2823 1388 2885 ego

197 2915 268 2987 post
290 2906 367 2967 alios
383 2904 526 2966 dixeram
551 2915 581 2965 ct
602 2904 782 2966 Dietschius
805 2902 915 2965 verbis
938 2905 1090 2966 illustrior
1112 2912 1202 2986 atque
1224 2907 1317 2967 etium
1335 2906 1389 2967 lto-

197 3009 337 3070 noralt'or
360 3007 570 3070 demonstrari
602 3009 734 3068 monuit.
781 3008 900 3070 Verum
931 3007 957 3067 is
980 3005 1057 3068 falso
1087 3006 1273 3088 exsularet,
1301 3009 1389 3090 quod

199 3120 269 3191 post
290 3110 467 3171 ltonorntt'or
489 3109 629 3188 addidit,
656 3108 698 3170 ad
728 3111 877 3189 superius
907 3111 1007 3170 maior
1028 3108 1282 3190 intellegendum
1306 3111 1389 3175 dixit

196 3221 286 3293 esset,
313 3213 346 3276 id
369 3212 455 3293 quod
479 3213 577 3275 forma
600 3214 749 3274 orationis
772 3232 835 3274 non
858 3214 995 3293 patitur,
1029 3223 1062 3274 et
1093 3215 1125 3274 in
1149 3213 1234 3275 hunc
1258 3215 1389 3278 modum

199 3317 297 3378 verba
321 3317 530 3397 transposuit:
564 3336 624 3377 noa
647 3317 698 3377 illc
720 3315 839 3397 quidem
861 3316 969 3392 maior,
1003 3316 1081 3397 quod
1103 3335 1230 3399 maprtos
1252 3316 1390 3382 homines

198 3422 312 3482 virtute
333 3421 484 3499 metimur,
510 3439 571 3480 noa
590 3419 729 3501 fortuna,
754 3419 807 3480 sed
829 3420 922 3485 multo
945 3419 1096 3481 illustrior
1117 3427 1207 3502 atquc
1229 3422 1322 3483 etiam
1337 3423 1391 3485 lo-

196 3525 339 3585 *norctior
358 3522 478 3603 suisset.
527 3524 595 3596 Qua
619 3523 863 3603 transpositione
887 3524 1038 3603 Nepotem
1061 3524 1195 3603 corrigi,
1233 3543 1273 3585 ex
1297 3527 1390 3589 cuius

199 3625 431 3689 consuetudine
455 3627 507 3704 sit,
533 3636 579 3703 ut,
605 3644 687 3706 quae
711 3627 868 3688 sententia
897 3627 1064 3688 coniuncta
1087 3637 1178 3705 sunt,
1213 3627 1390 3691 interiectis

200 3729 412 3810 quibusdam,
450 3749 531 3809 quae
567 3727 665 3790 forma
695 3730 844 3791 orationis
879 3739 1106 3808 conectuntur,
1138 3740 1280 3810 separet,
1313 3735 1390 3795 satis

201 3833 309 3894 multis
332 3832 487 3912 exemplis
511 3833 543 3893 in
567 3833 685 3892 maiore
708 3831 847 3893 editione
870 3830 1010 3894 adhunc
1031 3832 1133 3894 locum
1157 3832 1298 3895 collectis
1314 3855 1390 3916 pro-

199 3935 286 3996 bavi.
333 3937 427 3997 Recte
451 3935 637 4012 LambinuS,
671 3945 706 3996 ut
729 3935 788 3996 alia
813 3935 910 3997 multa
934 3935 1135 4013 emendavit,
1168 3955 1249 4017 quae
1272 3936 1315 3999 ab
1339 3941 1390 4001 in-

200 4038 411 4119 sequentibus
433 4048 538 4119 sprcta
562 4049 648 4115 sunt,
675 4039 721 4099 sic
744 4038 801 4099 hoc
824 4039 889 4100 loco
912 4049 982 4119 post
1003 4041 1102 4100 maior
1123 4038 1239 4101 adiecit
1257 4039 1389 4125 sulacem

197 4143 292 4204 cuius
315 4144 419 4204 exitus
441 4161 514 4203 cum
536 4161 593 4223 par
611 4152 695 4204 esset
710 4144 854 4222 proximo
870 4141 1033 4221 vocabulo,
1060 4162 1121 4204 non
1138 4141 1278 4205 difficilis
1300 4164 1391 4208 error

210 4334 256 4341 .-

269 4432 294 4495 *i
317 4432 409 4496 [ludeo
427 4435 503 4484 schol.
525 4435 575 4484 lu'b.
596 4448 622 4485 n.
645 4431 781 4498 {wollt}
