3068 5114
311 360 357 434 18
724 371 757 434 lu
780 370 931 434 Coemuo
954 371 1072 433 Neroni

309 560 407 624 nendi
440 571 516 623 sunt
543 580 579 621 ea
609 579 691 640 quae
720 559 764 620 ibi
795 559 877 620 dicta
909 560 1072 620 invenient
1101 556 1141 617 de
1171 558 1275 617 causis
1309 576 1366 618 our
1388 557 1492 637 Nepos

309 662 390 726 libro
412 662 452 726 de
475 662 706 724 excellentibus
728 660 863 724 ducibus
886 671 1067 722 exterarum
1090 661 1231 740 gentium
1258 669 1353 740 eaput
1376 659 1415 721 de
1438 679 1492 720 re-

310 766 404 848 gibus
428 767 671 847 interposuisset
700 775 849 845 posleaa
877 765 969 826 nobis
991 766 1107 826 reiecta
1136 783 1205 827 esse
1228 773 1260 827 et
1289 765 1322 824 in
1351 762 1492 826 editione

310 869 514 951 reprehensa.

397 971 584 1034 Praefationi
620 981 651 1033 et
684 971 816 1051 singulis
849 972 924 1031 vitis
962 971 1184 1050 inscriptiones
1220 988 1302 1049 quae
1338 969 1492 1048 praeponi

311 1075 453 1137 solebant
489 1074 628 1137 codicem
662 1076 880 1136 llonaeensem
917 1074 1017 1135 secuti
1054 1072 1261 1134 detraximus.
1314 1071 1390 1130 Nam
1420 1080 1492 1130 eta

310 1189 454 1241 veterum
478 1180 667 1259 scriptorum
690 1175 920 1238 consuetudine
943 1175 1114 1237 abhorrent
1136 1194 1241 1254 neque
1261 1195 1277 1236 a
1295 1176 1412 1255 Nepote
1436 1193 1494 1254 po·

312 1285 388 1344 sitas
411 1302 480 1344 esse
504 1283 595 1343 initia
618 1301 726 1342 earum
749 1282 886 1342 vitarunt
910 1279 950 1340 de
973 1279 1092 1360 quibus
1114 1278 1191 1341 edit.
1217 1300 1249 1359 p.
1278 1279 1315 1338 ll
1339 1277 1378 1338 ad
1401 1280 1494 1358 prin-

311 1388 430 1467 cipium
453 1386 671 1447 Themistoclis
693 1385 833 1446 diximus
855 1384 1082 1445 demonstrent.
1131 1385 1175 1443 Ne
1199 1384 1230 1443 in
1254 1381 1360 1442 codiee
1383 1381 1495 1441 arche-

312 1498 386 1570 typo
415 1487 546 1568 quidem
577 1486 674 1552 luisse
712 1486 768 1549 sed
806 1488 837 1548 iu
867 1487 1032 1548 Danielino
1060 1496 1091 1547 et
1121 1486 1316 1565 reliquorum
1350 1483 1493 1545 codicum

311 1592 457 1673 principe
473 1593 611 1671 primum
628 1589 767 1652 adiectas
781 1609 850 1651 esse
865 1589 1077 1670 discrepantia
1095 1589 1206 1649 horum
1228 1586 1370 1649 codicum
1387 1597 1496 1648 osten-

313 1694 390 1755 dere
413 1693 549 1756 videtur.

399 1797 474 1857 Milt.
501 1799 533 1874 2,
561 1798 572 1856 l
601 1797 733 1858 Rothius
763 1798 794 1857 in
823 1795 980 1859 addendis
1008 1816 1048 1857 ex
1070 1796 1234 1857 Danielino
1264 1805 1294 1856 et
1317 1793 1496 1874 Guelpher-

314 1900 430 1980 bvtane
453 1901 577 1962 restitui
602 1901 693 1961 iussit
716 1898 767 1960 lbi
787 1898 874 1961 brem
894 1906 1024 1980 tempore
1045 1897 1213 1960 barbaram
1235 1899 1327 1978 copiis
1350 1896 1495 1957 disiectis:

314 2022 372 2064 nos
392 2022 463 2064 cum
480 2001 698 2083 superioribus
713 2003 908 2082 reliquorum
931 2001 1074 2063 codicum
1089 2004 1277 2082 scripturum
1293 1999 1497 2061 barbarorum

314 2106 529 2187 probavimus.
576 2107 702 2167 Nullum
726 2107 811 2167 enim
835 2105 921 2167 aliud
946 2106 1126 2187 exemplum
1150 2107 1330 2166 invenimus
1353 2122 1415 2183 quo
1433 2104 1497 2163 Ne-

315 2219 419 2290 potem
451 2210 509 2270 bac
541 2210 673 2288 genitivi
704 2207 800 2270 forma
830 2209 923 2270 aliter
951 2219 1046 2289 atque
1070 2208 1253 2269 Ciceronem
1276 2217 1308 2268 et
1330 2207 1495 2268 Caesarem

315 2333 408 2374 usum
440 2332 509 2374 esse
539 2311 820 2374 demonstraretur.
871 2313 948 2373 Nam
970 2311 1035 2374 Alc.
1063 2313 1093 2390 7,
1120 2315 1137 2374 t
1168 2313 1201 2373 in
1232 2331 1296 2372 uno
1319 2309 1498 2389 Guelpher-

316 2416 431 2497 bytano
454 2417 607 2496 scriptum
631 2426 678 2477 est
700 2415 927 2497 barbaram*);
950 2414 1007 2495 hg.
1034 2425 1138 2477 autem
1162 2415 1224 2492 t‚t
1255 2413 1350 2474 iidem
1374 2413 1420 2472 illi
1443 2430 1498 2471 co-

316 2518 404 2579 dices
427 2519 482 2597 qui
498 2517 646 2578 Miltiadis
669 2519 734 2580 loco
749 2518 917 2580 barbaram
939 2518 1091 2580 exhibent
1114 2518 1293 2600 ephororum
1316 2525 1494 2592 servarunt,

317 2641 389 2683 cum
413 2623 444 2681 in
469 2622 601 2701 reliquis
623 2623 776 2702 scriptum
799 2624 840 2683 sit
862 2622 1015 2703 ephorum.
1064 2623 1157 2685 Paulo
1177 2631 1258 2703 post,
1277 2619 1295 2702 ξ
1312 2622 1341 2699 l,
1367 2619 1499 2680 Rothius

318 2744 380 2787 nou
403 2724 598 2804 improbasse
622 2725 749 2788 videtur
770 2725 862 2806 ·quod
895 2727 926 2787 in
949 2725 1113 2787 codicibus
1135 2727 1289 2806 scriptum
1313 2734 1377 2801 est,
1405 2722 1499 2783 Cher-

318 2847 422 2890 soneso
445 2829 501 2889 tali
521 2829 605 2889 audo
628 2832 803 2908 constituta·
821 2839 852 2889 et
874 2829 1050 2891 Beneckius
1073 2831 1102 2890 ei
1125 2831 1301 2909 scripturae
1324 2827 1498 2906 analogiam

319 2941 404 2993 certe
432 2949 494 2992 non
518 2930 669 3010 refragari
693 2930 871 3009 contendit,
904 2934 930 2993 si
953 2932 1140 2993 vocabulum
1165 2931 1295 2993 lammae
1325 2939 1496 3010 spectetur.

281 3034 420 3108 15Quam
436 3022 616 3112 analogiam*
633 3035 757 3114 qualem
777 3044 902 3115 putaret
916 3036 1030 3097 vellem
1054 3037 1258 3116 explicasset:
1285 3053 1390 3114 neque
1414 3035 1499 3093 enim

321 3136 418 3198 ullam
454 3136 557 3197 video.
618 3139 753 3200 Timoth.
780 3140 906 3218 verat,
933 3142 965 3219 2,
1005 3139 1044 3200 ad
1082 3158 1177 3219 quem
1215 3140 1315 3200 locum
1353 3147 1500 3219 provocat

320 3240 490 3317 llinekius,
516 3239 623 3301 verbis
654 3251 738 3302 recte
761 3241 919 3304 distinctis
941 3244 1055 3304 vitium
1084 3241 1169 3322 quod
1199 3251 1252 3304 aut
1280 3241 1419 3303 librariis
1446 3250 1500 3302 aut

321 3343 464 3422 scriptori
489 3343 705 3423 imputabatur
728 3346 983 3428 removimus**).

408 3446 441 3508 C.
467 3448 499 3523 8,
524 3448 542 3506 3
567 3449 600 3508 in
623 3450 750 3528 optimis
776 3449 937 3512 codicibus
967 3452 1119 3531 scriptum
1149 3452 1296 3511 estham
1320 3449 1502 3511 Chersoneso

321 3568 421 3610 omnes
444 3550 512 3611 illos
534 3569 607 3631 quos
629 3551 784 3614 habitarat
805 3572 901 3615 canos
927 3562 1105 3634 perpetuam
1134 3553 1302 3614 obtinuerat
1324 3552 1503 3614 dominatio-

321 3671 400 3713 nem.
431 3651 537 3733 Atque
561 3654 592 3715 id
609 3655 739 3734 quidem
755 3658 909 3719 Beneckio
932 3657 1104 3719 tenendum
1129 3667 1196 3719 orat
1219 3659 1273 3737 qui
1298 3658 1412 3720 Chabr.
1431 3658 1499 3734 3‚t

323 3757 416 3817 haec:
445 3757 545 3818 Coaoa
564 3759 732 3838 plurimam
757 3760 851 3841 Cypri
871 3763 963 3836 sumt,
989 3761 1155 3842 Iphicrates
1178 3763 1209 3822 ia
1236 3760 1376 3837 Thracia,
1406 3762 1503 3822 Timo·

323 3859 407 3920 them
429 3860 532 3936 Lesbo,
559 3860 672 3922 Chares
696 3863 781 3944 Sipeo
811 3865 853 3924 ita
877 3864 1022 3943 probavit
1052 3874 1086 3924 ut
1110 3863 1263 3924 ablativos
1292 3873 1346 3924 aut
1368 3884 1424 3943 pro
1447 3883 1503 3943 ge·

324 3964 433 4024 nitivis
455 3974 510 4025 aut
525 3983 582 4044 pro
604 3964 752 4027 ablativis
774 3966 920 4029 adiuncta
937 3969 1168 4047 praepositione
1185 3969 1216 4028 ia
1231 3969 1349 4047 positos
1363 3975 1499 4047 putaret.

323 4063 427 4144 Atque
458 4066 553 4128 huius
580 4067 710 4147 quidem
740 4070 797 4130 loci
827 4073 990 4132 rat-ionem.
1010 4073 1041 4131 in
1071 4070 1271 4132 annotatione
1301 4069 1378 4131 edit.
1404 4092 1434 4151 p.
1461 4071 1500 4129 85

325 4165 493 4230 declaravi.
555 4171 644 4243 Quod
679 4183 784 4234 autem
813 4174 989 4235 Beneckius
1022 4173 1182 4235 contendit
1216 4174 1345 4235 urbium
1378 4175 1502 4234 nomina

393 4411 417 4475 a)
441 4413 517 4475 {idem
536 4415 564 4462 ia
583 4413 725 4479 Paresaca]

376 4496 418 4564 ”l
440 4499 482 4562 [cs.
504 4500 592 4562 Spiee't.
613 4515 640 4549 u.
659 4508 685 4560 ὅ,
706 4503 742 4566 5.]
