3068 5114
581 385 770 444 Seleucenis
793 385 829 451 ll.
856 386 886 445 2.
1255 370 1322 442 139

140 592 181 634 aa
203 573 306 634 dolore
330 560 439 652 tis'ltlci,
466 573 538 633 mili
561 590 629 632 uero
654 592 736 634 niens
761 574 879 655 intepru
903 581 956 634 est.
993 573 1042 648 t5,
1062 574 1080 632 5
1106 574 1192 649 Quod
1215 582 1241 635 te
1263 579 1358 634 cternt

143 676 281 736 Culleone
310 674 418 737 scriln's
448 675 484 736 de
503 676 663 756 prieu'lepio
687 676 833 749 lacertum,
866 684 908 736 est
932 676 1068 758 aliqsiid;
1098 676 1151 737 sed
1173 676 1264 736 ninello
1288 682 1332 736 est

142 779 248 839 melius
279 777 436 859 abropari.
485 779 536 855 20,
556 778 573 837 3
601 778 687 853 Quod
710 797 755 839 tue
778 786 864 840 aetas
887 780 1045 859 qreicquani
1068 780 1226 859 suspicari
1249 782 1330 840 oeci-

140 882 221 943 disse
245 881 287 941 od
310 882 446 941 animum
469 889 569 957 truteno,
595 881 675 963 qieod
697 899 783 943 secus
807 901 826 941 a
850 900 895 942 nee
917 900 991 962 erpa
1014 889 1040 942 le
1063 884 1254 943 cornuu'ssum
1277 889 1332 942 aut

140 986 392 1064 p'roeternu'ssum
418 984 581 1059 uideretur,
607 1003 712 1066 perant
737 983 791 1044 tilii
813 1003 923 1044 rnorem
946 993 973 1044 et
996 983 1147 1045 liberalior
1163 989 1222 1045 ista
1238 1002 1327 1045 cura.

143 1089 193 1165 il,
219 1090 226 1146 1
256 1089 333 1148 Noun
358 1087 436 1168 qteod
459 1086 578 1160 scribis,
606 1090 639 1148 ni
661 1090 703 1149 ita
730 1086 810 1148 rolris
824 1088 1001 1166 placuisset,
1030 1088 1096 1149 illos
1112 1087 1165 1148 lioc
1182 1087 1259 1148 idem
1271 1105 1330 1167 per

140 1191 285 1271 populum
312 1197 507 1250 assecuturos
533 1188 647 1268 faisse,
680 1190 783 1250 itioitis
814 1188 944 1250 tribunis
969 1192 1013 1271 pl.
1038 1191 1108 1271 fieri
1135 1191 1217 1251 noello
1245 1188 1330 1250 modo

140 1294 246 1372 potuit.
295 1312 333 1351 iv.
362 1293 427 1369 6,3
455 1291 541 1367 Quod
565 1311 609 1352 nie
632 1292 792 1368 aetrnoaes,
819 1300 853 1353 ut
875 1293 1005 1355 scriboni
1032 1295 1086 1356 illa
1109 1295 1327 1355 Hortensiana.

143 1399 172 1455 iu
197 1396 262 1456 alia
286 1394 389 1455 incidi.
438 1399 467 1471 8,
486 1395 503 1453 3
523 1397 566 1455 De
578 1402 712 1475 poemate
727 1395 806 1476 quod
821 1399 957 1476 quesieris,
983 1396 1066 1477 qnid,
1092 1399 1121 1457 si
1134 1396 1238 1476 cupiat
1253 1396 1332 1475 esl'u-

142 1500 234 1579 pere?
272 1499 357 1573 716,3
385 1497 470 1572 Qieod
494 1496 711 1570 inustionis,
739 1515 811 1578 quos
835 1499 963 1571 leiiidns,
985 1517 1150 1578 personam
1174 1497 1332 1559 desideras

144 1600 317 1677 Seuerolae,
345 1618 401 1660 nou
426 1619 491 1660 enin
515 1608 624 1661 temere
646 1601 769 1661 dimovi.
821 1603 869 1679 tt,
889 1605 907 1663 ἓ
931 1604 975 1663 De
990 1602 1123 1662 Messala
1141 1601 1221 1682 qiuotl
1237 1618 1333 1681 queae-

145 1704 198 1778 ris,
225 1703 299 1783 quid
321 1702 464 1777 scribam,
491 1704 598 1764 neseio.
646 1723 673 1763 v.
701 1705 753 1782 20,
773 1705 791 1763 6
817 1705 904 1780 Quod
927 1724 972 1766 ine
995 1707 1130 1765 triaoeinre
1153 1704 1290 1765 liortaris
1306 1711 1334 1764 et

144 1805 221 1885 aliod
247 1805 348 1885 pluris
377 1813 420 1866 est
448 1825 539 1887 querno
561 1808 679 1879 onun'o,
711 1808 742 1867 iu
765 1825 822 1887 quo
844 1806 985 1885 labora-s,
1018 1815 1050 1868 ut
1073 1808 1164 1867 etiarn
1187 1807 1332 1888 Lipurino

145 1904 240 1992 μώμῳ
270 1908 519 1989 satisfaciamus,
552 1906 681 1983 moriar,
714 1911 743 1970 si
764 1911 922 1991 quicquum.
945 1910 1016 1989 sieri
1034 1915 1130 1989 potest
1152 1909 1330 1991 elepantius.

146 2029 183 2069 ri.
216 2011 241 2086 l,
264 2011 300 2070 -Ι9
327 2011 413 2087 Quod
435 2012 472 2072 de
497 2011 649 2072 Philotimo
673 2012 758 2072 etde
781 2013 927 2073 solutione
942 2013 995 2072 llS
1009 2033 1100 2072 ,rnre
1120 2011 1240 2090 scribis,
1264 2011 1334 2072 ent-

146 2113 277 2173 lotirnum
301 2115 423 2175 circiter
445 2115 513 2175 Kal.
540 2116 608 2175 lein.
636 2116 666 2175 iu
685 2114 903 2176 Chersonesum
925 2114 1017 2175 audio
1040 2115 1172 2192 verume,
1201 2134 1238 2176 uc
1262 2113 1336 2175 melu

146 2216 182 2276 ult
205 2234 238 2276 eo
262 2216 337 2278 ntiln'l
361 2216 471 2278 eidluc.
520 2217 550 2293 9,
570 2217 588 2276 7
612 2219 690 2279 Nam
706 2217 785 2298 quod
800 2224 923 2278 senatus
940 2217 1110 2278 coasultum
1126 2234 1190 2276 esse
1205 2215 1332 2291 dicebat,

147 2328 176 2379 ut
200 2322 248 2380 ius
271 2338 313 2379 esc
335 2319 512 2401 spnproplia
535 2319 697 2394 diceretur,
724 2339 755 2380 eo
778 2321 902 2382 consilio
922 2319 1041 2401 [octena
1063 2326 1118 2394 est,
1144 2318 1222 2400 qttod
1241 2336 1335 2398 pecu-

146 2424 228 2482 niam
248 2422 412 2482 Salaminii
433 2429 539 2482 contra
555 2423 646 2504 lepem
665 2421 825 2483 Cabi'tu'am
841 2429 1048 2502 sumpserant.
1088 2439 1141 2480 vn.
1162 2420 1192 2497 7,
1211 2421 1228 2480 3
1250 2422 1336 2480 Poni-

143 2527 261 2603 ptinum
290 2526 376 2604 cupio
400 2525 523 2597 valere,·
553 2533 581 2585 et
607 2524 687 2606 qttod
709 2523 818 2586 scribis
843 2525 873 2584 in
895 2524 1000 2585 urbem
1025 2525 1181 2599 introisse,
1214 2540 1332 2597 vereor,

145 2628 217 2708 quiid
244 2630 294 2688 sit.
343 2627 361 2684 5
386 2628 463 2687 illam
493 2627 572 2709 aazia
600 2626 708 2688 scribis
737 2629 900 2706 nu'rificam
927 2646 991 2688 esse
1019 2627 1256 2707 eoepeetationem
1278 2625 1338 2685 mei

147 2747 239 2811 ueqiee
262 2736 362 2789 torrien
385 2747 564 2810 qumquam
587 2730 731 2791 bonorum
754 2738 809 2792 eud
831 2733 905 2793 satis
922 2730 1067 2791 bonorum
1084 2728 1235 2802 dubitare,
1261 2725 1336 2809 quid

146 2850 294 2893 sensurus
310 2833 378 2907 sim,
398 2850 460 2913 epo,
476 2850 549 2913 q'iios
565 2840 598 2893 tu
614 2831 704 2894 lionos
719 2851 784 2894 esse
799 2834 894 2911 dicos,
911 2852 969 2894 non
985 2832 1131 2913 intellepo.
1165 2832 1195 2908 8,
1213 2832 1229 2890 l
1249 2828 1336 2906 Quod

143 2935 261 3013 putasti
279 2933 363 3014 fore,
390 2942 438 3007 ut,
464 2943 625 3015 antequam
649 2937 726 2997 istuc
749 2938 893 3011 venirem,
921 2937 1091 3015 Pompeium
1115 2933 1258 3008 riderem,
1281 2931 1334 3012 fo-

146 3044 225 3097 etum
248 3045 293 3098 est
315 3039 367 3113 ita,
395 3048 425 3098 et
448 3039 541 3117 poulo
564 3047 633 3118 post
658 3038 743 3112 (lsrael
765 3041 899 3119 quomis,
926 3057 1019 3120 ecquo
1034 3055 1102 3118 spes
1115 3035 1335 3118 pacificationis

146 3141 201 3213 sit,
234 3147 380 3219 qitantum
403 3159 445 3201 eor.
471 3142 601 3221 Pompeii
622 3142 713 3202 nitrlto
736 3149 764 3203 et
786 3149 928 3203 accierato
951 3159 1089 3203 sermone
1107 3140 1272 3220 perspecti,
1299 3155 1337 3198 ne

149 3242 288 3303 uoluntas
316 3242 434 3323 quidem
463 3251 516 3304 est.
568 3245 622 3321 12,
648 3245 655 3302 l
685 3246 763 3304 Natu
793 3244 871 3325 quod
895 3263 1001 3327 rapas,
1033 3262 1152 3319 merent,
1186 3248 1218 3302 ut
1239 3241 1331 3317 sciaS,

146 3343 219 3424 qreiel
244 3346 400 3425 Pompeius
429 3353 518 3428 apat,
550 3365 587 3406 ue
616 3348 715 3427 ipsum
745 3346 863 3428 quidem
894 3349 972 3408 seire
999 3353 1081 3426 puto.
1131 3344 1223 3421 93,3
1251 3340 1337 3417 Quod

146 3448 287 3526 qiiaeris,
318 3447 366 3510 liic
387 3449 460 3528 ataid
483 3456 611 3531 opatur,
639 3457 701 3511 tota
725 3450 830 3530 Capua
853 3457 881 3510 et
902 3451 998 3511 oni-tu's
1021 3448 1068 3509 liic
1091 3447 1222 3509 delectus
1246 3447 1332 3505 iacet,

147 3550 236 3625 ΞΜ
262 3551 348 3625 Quod
370 3550 475 3627 eiddis,
502 3570 538 3612 ne
557 3555 739 3633 propensior
761 3552 802 3613 od
825 3559 941 3632 turpem
964 3569 1090 3612 ceiiesam
1112 3549 1232 3621 videor,
1258 3555 1338 3609 certe

149 3653 248 3712 uideri
270 3671 406 3732 possum.
453 3672 517 3714 νιιι.
544 3654 613 3734 7,2
639 3654 725 3732 Quod
752 3657 831 3716 enim
861 3663 893 3716 tu
922 3672 1019 3715 meum
1043 3652 1154 3714 laudus
1177 3659 1205 3712 et
1227 3668 1337 3711 memo-

149 3754 281 3814 randum
311 3754 404 3831 dicis,
436 3757 529 3818 malle
558 3758 636 3839 quod
664 3758 799 3819 demerim
827 3776 871 3818 me
894 3776 960 3819 curn
986 3756 1120 3836 Pompeio
1143 3755 1225 3815 vinci
1245 3769 1338 3834 quam

147 3876 212 3917 ciem
237 3858 303 3918 istis
327 3860 464 3934 vincere,
495 3878 546 3942 epo
571 3879 639 3921 vero
662 3861 753 3938 molo,
780 3861 833 3922 sed
855 3879 924 3922 cum
947 3859 998 3920 illo
1023 3858 1174 3938 Pompeio,
1200 3841 1254 3936 aui
1275 3861 1338 3916 tum

147 3968 222 4021 erat.
271 3979 335 4021 unt.
358 3961 407 4039 tt,
429 3963 440 4022 l
471 3961 557 4038 Quod
580 3981 625 4023 nie
647 3982 754 4045 moytia
778 3964 876 4023 animi
898 3969 977 4023 motu
996 3959 1210 4042 perturbatum
1230 3965 1335 4038 putas,

147 4080 211 4122 sum
229 4063 375 4143 equidem,
394 4064 520 4125 sednon
537 4072 598 4125 tom
615 4084 731 4148 mapno,
750 4083 842 4146 quom
858 4064 913 4126 tibi
923 4063 1057 4145 fortasse
1076 4061 1188 4123 uideor.
1216 4060 1233 4118 5
1253 4058 1339 4135 Quod

146 4167 281 4244 qiioeris,
307 4166 379 4246 qieid
396 4167 512 4228 Caesar
534 4167 577 4228 ad
600 4186 645 4228 me
667 4168 834 4248 scripserit,
861 4165 940 4247 quod
962 4182 1061 4245 saepe.
1111 4163 1198 4240 ttae
1223 4163 1266 4222 De
1281 4162 1338 4221 Le·

70 4285 82 4309 ·
143 4268 214 4347 pido
238 4276 266 4329 et
293 4269 375 4330 Tullo
398 4269 477 4351 quod
499 4259 649 4350 qreoeris,¹
680 4270 726 4330 illi
746 4288 818 4330 cero
841 4288 901 4330 nou
925 4267 1081 4342 diebitont,
1112 4267 1184 4347 quin
1211 4263 1341 4325 Caesari
1365 4291 1379 4332 o

143 4379 266 4450 praesto
292 4369 397 4454 [reterri
424 4373 455 4432 in
483 4380 680 4454 senatoresque
708 4374 830 4433 centeni
856 4373 926 4433 sint.
975 4370 992 4429 3
1019 4369 1104 4444 Quod
1135 4367 1250 4428 uideris
1278 4383 1339 4426 non

49 4481 52 4485 ’
146 4473 303 4541 eliebitare,
335 4475 364 4535 si
390 4474 528 4536 consules
558 4481 734 4545 transeant,
766 4473 839 4554 quid
869 4491 922 4534 nos
947 4470 1055 4553 facere
1076 4476 1225 4552 oporteat,
1261 4475 1339 4529 certe
