3068 5114
208 305 258 374 Sl
635 318 668 377 ln
691 316 842 377 Consum
865 319 982 380 Nnort

207 518 277 567 tum
308 509 402 566 cuius
437 508 518 565 civis
546 515 629 564 esset
660 507 793 584 patriam
823 516 909 566 reete
937 505 1000 567 dici
1029 507 1244 568 existimabat.
1293 509 1408 590 ltaque

167 627 282 670 :tcum
306 610 366 671 hac
388 611 505 669 artiore
527 608 754 687 significatione
785 599 904 688 ριιιι·ιίι1
935 611 1022 671 nulla
1045 629 1080 670 re
1101 609 1227 672 adiecta
1250 610 1316 674 dici
1340 633 1405 675 non

207 714 308 793 possit
332 713 394 772 nisi
411 712 452 773 de
475 722 580 771 certae
602 710 796 771 condicionis
815 712 997 773 hominibus
1019 723 1049 773 et
1073 733 1115 774 ne
1131 712 1172 774 de
1196 715 1247 774 liis
1269 715 1405 795 quidem

208 818 272 877 nisi
296 818 405 876 miuus
428 827 593 889 accurate¹⁴
627 834 827 894 nequaquam
852 836 926 875 iero
957 835 1062 896 neque
1084 816 1126 878 de
1148 817 1199 878 liis
1229 838 1338 899 neque
1361 818 1404 881 de

206 921 281 981 aliis
304 922 348 979 ita
372 931 404 980 ut
427 921 520 979 alteri
544 917 695 978 uocabulo
716 929 893 998 opponatur
913 918 997 999 quod
1024 921 1156 981 alteram
1180 924 1305 1001 patriae
1327 943 1405 1004 par-

207 1036 273 1085 tem
295 1025 466 1101 significet.
491 1025 565 1102 quia
581 1042 652 1082 curu
670 1021 733 1082 cluo
748 1022 897 1083 iocanuta
923 1026 1006 1084 inter
1027 1044 1063 1085 se
1083 1037 1291 1104 opponuntur
1306 1027 1404 1107 plena

207 1128 439 1208 significatione
468 1138 641 1206 utrumque
670 1126 890 1206 accipiendum
913 1139 979 1189 est.
1011 1148 1117 1208 neque
1142 1129 1192 1190 illa
1218 1137 1251 1189 ιιι
1272 1130 1405 1191 eundem

206 1239 235 1291 ct
253 1233 391 1311 patriani
414 1229 537 1289 luberet
563 1229 731 1289 eldenium
761 1230 853 1289 aliter
882 1231 1022 1310 intellegi
1052 1250 1144 1310 posse
1173 1243 1271 1311 atque
1300 1252 1320 1294 a
1351 1253 1405 1295 me

208 1333 325 1395 laetum
355 1344 401 1394 est
426 1344 455 1392 et
488 1343 572 1393 recte
603 1334 680 1392 milii
710 1344 857 1412 corrupta
880 1337 947 1394 risa
982 1353 1051 1394 esse
1081 1337 1239 1396 existimo.
1288 1337 1404 1417 Neque

208 1440 410 1498 coniecturae
432 1455 483 1495 me
507 1437 646 1514 poenitet
670 1434 781 1496 eodem
805 1437 953 1513 Philologi
977 1437 1042 1497 loco
1065 1457 1160 1517 quem
1191 1457 1289 1519 supra
1314 1440 1404 1502 indi-

206 1541 277 1602 cavi
302 1539 495 1618 propositae:
532 1546 565 1598 ut
591 1538 715 1598 eundem
743 1543 902 1619 proprium
932 1539 1054 1600 luberet
1082 1541 1223 1603 domum:
1261 1560 1403 1621 quorum

207 1642 379 1704 verborum
403 1643 480 1702 haec
504 1653 549 1702 est
573 1644 743 1719 sententia,
768 1644 886 1704 Attico.
914 1646 944 1703 in
969 1663 1203 1724 quamcumque
1225 1664 1261 1706 se
1285 1648 1404 1708 civita-

206 1759 270 1808 tem
294 1744 506 1806 commorandi
530 1765 622 1806 eausa
646 1745 819 1813 conferret.
845 1758 875 1807 et
901 1749 950 1807 ius
973 1746 1070 1808 luisse
1094 1749 1209 1809 llomae
1233 1747 1403 1812 babitandi

206 1861 237 1910 et
262 1860 296 1910 ιιι
322 1849 364 1908 ibi
398 1848 554 1909 habitaret
589 1852 787 1910 convenisse.
835 1851 1007 1911 turriculae
1037 1859 1065 1910 et
1094 1871 1175 1931 quas
1207 1849 1316 1913 delevi
1348 1855 1401 1915 vel

206 1954 296 2013 exitu
319 1954 518 2032 superiorum
535 1951 704 2013 verborum
728 1953 808 2013 male
832 1955 965 2033 repetito
988 1955 1075 2014 nasci
1091 1956 1142 2015 vet
1165 1974 1237 2015 cum
1258 1958 1400 2036 putrium

206 2058 358 2136 scriptum
383 2067 466 2116 esset
491 2057 671 2136 interpolari
695 2067 882 2136 potueruut:
913 2058 986 2136 piiu
1009 2069 1114 2117 autem
1138 2069 1168 2118 et
1189 2061 1309 2139 poprie,
1335 2079 1401 2140 quo

206 2160 299 2221 modo
319 2162 424 2240 patria
448 2171 479 2220 et
500 2163 628 2240 proprio
653 2162 684 2219 in
701 2158 864 2220 codicibus
879 2160 1074 2233 scribuntur,
1100 2180 1195 2241 quam
1212 2161 1306 2224 facile
1322 2183 1401 2244 pet·-

207 2266 321 2325 mutari
339 2266 499 2344 potuerint
516 2274 658 2343 apparet.
698 2265 807 2342 Neque
832 2274 935 2324 tamen
960 2266 1002 2324 ita
1024 2276 1110 2325 certa
1133 2285 1203 2326 esse
1219 2276 1296 2345 puto
1313 2286 1399 2347 quae

206 2369 325 2428 conieci
351 2378 384 2427 ut
409 2366 440 2427 id
458 2369 560 2447 ipsum
577 2365 662 2445 quod
679 2367 781 2446 Nepos
803 2369 964 2446 scripserit
989 2387 1038 2427 ine
1062 2370 1240 2430 restituisse
1263 2381 1400 2433 couten-

206 2471 297 2547 dam‚
324 2490 428 2550 neque
453 2472 504 2531 illa
529 2472 718 2549 recepissent
741 2472 767 2530 si
792 2469 888 2530 editio
916 2491 983 2531 mea
1007 2471 1108 2532 doctis
1131 2471 1315 2535 hominibus
1338 2495 1399 2555 pu-

206 2585 273 2636 rata
297 2587 392 2635 esset.
439 2576 594 2635 Tractatit
621 2575 697 2633 haec
720 2573 830 2634 eadem
855 2574 949 2634 rerba
967 2576 1120 2654 Bergkius
1143 2578 1175 2636 iu
1192 2578 1270 2637 Mus.
1289 2576 1394 2639 llheu.

207 2680 268 2739 vol.
295 2699 334 2738 ιιι
359 2699 390 2758 p.
420 2680 490 2738 l59.
539 2680 598 2749 Qui
623 2697 705 2756 quae
728 2677 901 2757 disputarit
933 2699 982 2738 me
1006 2699 1068 2739 non
1092 2681 1170 2740 satis
1197 2680 1396 2743 intellexisse

207 2779 322 2843 fateor:
357 2780 442 2860 quod
465 2791 572 2841 autent
596 2780 692 2840 verba
725 2789 756 2840 ιιι
779 2781 902 2841 eundem
926 2790 954 2842 et
980 2785 1114 2862 potitam
1143 2782 1265 2844 luberet
1288 2793 1318 2845 et
1340 2785 1397 2846 tlo-

208 2904 289 2944 mum
312 2896 380 2964 post
401 2885 462 2964 suit
485 2887 666 2946 carissimus
695 2883 873 2944 collocanda
897 2897 1023 2951 censet.
1058 2886 1089 2947 tu
1113 2886 1180 2947 lieri
1211 2906 1273 2947 non
1302 2908 1397 2968 posse

208 2986 311 3048 video.
360 2988 435 3047 Nam
458 2988 571 3049 domus
586 2987 687 3049 Attico
702 2988 844 3049 Athenae
869 3010 926 3069 per
948 3000 1074 3070 tempus
1096 2990 1224 3070 aliquod
1249 2990 1394 3069 luerunt,

207 3093 308 3170 patria
332 3111 524 3172 numquam,
556 3095 675 3172 quippe
699 3094 753 3172 qui
779 3111 883 3171 neque
907 3104 999 3154 natus
1023 3106 1104 3154 esset
1128 3094 1263 3155 Athenis
1285 3114 1397 3176 neque

207 3197 286 3257 civis
310 3196 420 3258 iactus¹

294 3301 441 3360 Extrema
465 3300 560 3361 verba
585 3302 655 3360 eius
678 3301 734 3360 loci
758 3299 884 3379 dequo
912 3302 1001 3362 niodo
1024 3301 1275 3382 disputat·iinuS‚
1312 3325 1398 3368 tinus

207 3405 236 3462 ei
260 3404 358 3485 suerit
386 3407 584 3479 carissimus,
616 3415 646 3464 et
671 3407 782 3465 uitiosa
806 3403 872 3465 ‹ttxi
903 3416 933 3465 et
965 3416 1048 3466 reete
1080 3408 1122 3466 ita
1152 3427 1169 3466 a
1194 3408 1397 3488 tteusingoro

208 3520 345 3570 correcta
379 3519 411 3570 ut
438 3510 500 3589 suit
529 3506 709 3588 ponendum
740 3519 891 3570 moneret.
951 3510 1060 3588 Neque
1090 3512 1177 3571 enini
1206 3512 1313 3572 minus
1344 3514 1397 3577 his

208 3614 315 3675 serbis
338 3634 432 3694 quani
456 3611 675 3693 superioribus
696 3613 776 3693 quoii
799 3616 828 3672 iu
852 3632 887 3673 eu
916 3615 1104 3693 potissimum
1136 3614 1210 3675 urbe
1231 3624 1326 3678 italus
1350 3631 1399 3683 est

209 3718 276 3795 ipse
299 3720 434 3797 scriptor
456 3716 532 3795 quid
565 3715 678 3776 lactum
709 3718 768 3781 sit.
803 3736 864 3776 uon
889 3715 967 3796 quid
997 3716 1037 3776 ab
1060 3719 1131 3778 aliis
1159 3729 1212 3779 aut
1236 3719 1395 3784 traditum

208 3831 261 3879 aut
284 3823 498 3881 existimatum
522 3819 635 3895 i·elei·t;
663 3840 724 3900 qua
749 3839 810 3880 una
834 3823 954 3881 ratione
978 3823 1198 3882 coniunctivus
1221 3825 1294 3902 poni
1320 3838 1397 3905 pot-

208 3933 284 3983 erat.
340 3926 407 3994 Quo
445 3925 544 4000 magis
582 3925 677 3983 miror
713 3923 849 3983 eutuleui
880 3925 1109 4002 Heusingecum
1141 3945 1167 3984 e.
1197 3926 1287 4002 t6,t
1328 3936 1395 3991 n'on

207 4026 469 4087 animadvertisse
493 4028 606 4086 vitiose
631 4026 706 4085 haec
735 4028 765 4086 in
789 4024 953 4086 codicibus
976 4046 1044 4089 esse
1068 4029 1200 4107 scripta:
1237 4030 1396 4092 Humani-

207 4131 278 4189 tatis
301 4149 372 4189 cero
394 4131 512 4190 nullum
537 4131 650 4210 afferre
683 4131 782 4189 ιιιιιιίιι
814 4131 1012 4190 testinnonium
1042 4149 1166 4209 possum
1195 4150 1286 4211 qitnm
1310 4138 1395 4214 quod

207 4232 381 4293 adolescens
404 4233 481 4293 illem
496 4235 564 4293 seui
578 4234 683 4293 Sullae
701 4233 799 4312 suoru
821 4233 1069 4308 ιἰιιιιιιιιιειιιιιιιε,
1096 4253 1193 4294 senar
1208 4235 1397 4302 adolescenti

208 4339 250 4398 tt.
269 4340 376 4412 Bruto,
403 4356 470 4396 cuni
493 4336 671 4416 aequalibus·
693 4344 792 4397 nutent
816 4339 881 4398 suis
899 4341 933 4412 O.
955 4339 1111 4398 Hortensio
1135 4347 1162 4399 et
1185 4341 1227 4400 ll.
1247 4340 1394 4405 Cicerone

207 4443 252 4501 sic
274 4442 392 4501 vioeerit
422 4449 452 4500 ιιι
483 4440 620 4500 iudicare
655 4440 777 4520 difficile
805 4445 845 4501 sit
872 4445 924 4502 eui
951 4444 1044 4502 celati
1071 4441 1169 4522 suerit
1196 4446 1388 4524 aptissimus.
