3068 5114
221 1920 390 2022 Spieileqio
416 1941 449 1999 ia
473 1939 611 2000 Cornelio
638 1940 747 2018 Nepote
775 1939 844 2013 duo,
878 1957 945 2000 arm
971 1939 1089 2019 prioris
1119 1939 1312 2019 enemplaria

124 2064 191 2144 fere
214 2060 369 2123 diuendita
391 2077 465 2137 esse,
484 2059 614 2119 alterum
634 2077 691 2138 per
710 2059 847 2157 pluriiqm
862 2066 1124 2140 proprnmmotum
1140 2060 1310 2121 lenensium

126 2185 236 2247 seriem
258 2180 377 2242 moleste
400 2179 583 2258 discerptum
606 2198 625 2239 a
648 2179 750 2240 multis
769 2164 894 2257 flustra
916 2179 1036 2259 requiri
1061 2178 1208 2255 audisset,
1232 2197 1312 2239 noea

127 2304 254 2365 editione
281 2301 463 2380 coniuuqere
491 2298 691 2379 Nipperdeius
720 2301 782 2379 ipse
816 2300 1033 2360 constituerat:
1061 2317 1115 2360 nec
1148 2307 1247 2360 tanuen
1279 2307 1313 2360 ul

127 2423 288 2484 eonsilium
318 2427 521 2501 exequeretur
551 2421 658 2480 euenit.
706 2421 824 2480 Mortuo
855 2419 1037 2499 Nipperdeio
1066 2426 1100 2480 ut
1127 2438 1187 2480 nou
1216 2420 1313 2481 solum

128 2543 206 2606 illud
227 2543 377 2624 neqotium
401 2541 597 2620 susciperem,
623 2540 675 2600 sed
690 2541 792 2600 omnia
814 2541 879 2601 eius
901 2541 1018 2620 scripta
1040 2540 1103 2601 siue
1124 2558 1179 2620 per
1202 2541 1314 2601 acade-

129 2667 199 2726 mici
227 2663 320 2743 officii
346 2661 582 2744 opportunitates
615 2659 769 2740 publicata
797 2661 916 2721 sivein
944 2659 1167 2740 ephemeridum
1197 2662 1315 2723 littera-

129 2785 249 2844 riorum
268 2780 471 2843 voluminibus
487 2798 602 2860 sparsa
616 2799 676 2841 uno
692 2799 817 2860 corpore
832 2779 1044 2859 comprehensa
1061 2780 1189 2858 ederem,
1208 2788 1314 2843 auctor

130 2902 202 2962 mebi
220 2901 282 2980 l'uit
298 2903 427 2962 loannes
449 2900 606 2960 Reimerus
627 2886 787 2979 bibliopola
809 2900 1035 2961 ornatissimus.
1085 2900 1142 2961 Cui
1162 2919 1194 2961 co
1217 2898 1314 2961 liben-

129 3025 189 3082 tius
212 3019 423 3100 obtemperavi,
442 3020 516 3099 quia
538 3019 628 3080 talem
650 3019 848 3080 collectionem
871 3027 899 3080 el
919 3020 982 3080 uiri
1000 3021 1149 3101 primarii
1168 3022 1313 3081 memoria

129 3142 251 3224 diquam
275 3148 302 3202 et
324 3139 447 3202 eoadem
471 3141 585 3220 eisqui
605 3139 708 3201 studia
729 3140 902 3201 litterarum
925 3148 952 3201 el
973 3142 1188 3222 antiquilatum
1204 3144 1315 3203 Roma·

130 3280 241 3322 natum
271 3261 382 3336 colunt,
413 3268 535 3341 qralam
564 3260 724 3339 utilemque
748 3260 817 3340 fore
842 3278 1025 3340 persuasum
1053 3269 1130 3322 erat.
1185 3263 1316 3324 Euctusi

130 3390 230 3442 autem
256 3381 293 3442 ab
316 3379 370 3442 boc
385 3382 599 3460 opusculorum
626 3381 777 3442 volumine
799 3379 932 3442 libellum
954 3379 991 3442 de
1013 3380 1127 3464 leqibus
1148 3381 1314 3444 annalibus

128 3499 334 3580 reipublicae
356 3502 507 3561 Romanae
529 3499 825 3562 commentationibus
848 3502 996 3562 societatis
1019 3501 1190 3563 litterariae
1209 3502 1315 3563 Sauo-

130 3623 217 3682 aicae
240 3622 317 3680 anni
333 3628 526 3680 Muccctttt'
545 3623 703 3700 insertum,
723 3621 815 3683 simul
836 3622 962 3682 seorsim
980 3621 1153 3702 eculpalum
1177 3629 1205 3682 et
1223 3621 1315 3701 facile

126 3739 318 3821 parabilem:
343 3748 449 3802 contra
471 3743 573 3822 recepi
594 3741 724 3803 ineditas
740 3743 891 3804 orationes
914 3741 993 3804 dieas
1016 3741 1052 3803 de
1067 3742 1184 3803 ratione
1207 3750 1235 3804 et
1255 3761 1314 3804 usu

129 3861 299 3922 studiorum
332 3861 511 3944 pbiloloqioe
544 3870 572 3924 et
604 3861 752 3943 quaedam
785 3865 817 3921 iu
850 3880 945 3923 manu
980 3863 1103 3942 scriptis
1140 3863 1317 3943 Nipperdeii

130 3982 236 4043 relicta
260 3989 314 4042 aut
336 4001 378 4042 eac
400 3981 508 4044 sobolis
531 3982 569 4044 ab
592 3981 749 4044 colabilis
771 3989 927 4062 eucerpta.
977 3984 1061 4057 Quae
1084 3984 1116 4043 in
1131 3984 1196 4045 suis
1209 4003 1315 4045 eaeem-

126 4100 267 4181 ploribus
299 4102 349 4163 ille
371 4110 552 4164 correxerat
574 4111 629 4165 aut
651 4102 852 4164 adnotaverat
880 4110 930 4164 sot
956 4121 1055 4182 pauca
1084 4121 1209 4164 numero
1239 4106 1315 4166 reli-

128 4223 211 4301 qiose
234 4219 360 4281 adbibui
380 4239 472 4301 eoque
493 4225 582 4283 unu's
597 4221 739 4283 distinxi.
787 4220 863 4283 Mili
883 4223 912 4283 si
932 4240 1009 4303 quae
1025 4222 1175 4283 monenda
1198 4223 1315 4286 adden·

130 4341 208 4400 doue
242 4340 434 4422 tradebantur,
468 4343 577 4404 litteris
610 4341 737 4423 obliquis
768 4341 924 4421 adscripsi
954 4350 982 4404 et
1013 4343 1156 4405 cancellis
1190 4344 1311 4406 inclusi.

130 4459 287 4539 Ceteroqui
301 4462 435 4523 (electoris
451 4462 612 4542 eoeemplar
633 4480 671 4522 ne
693 4463 725 4522 iu
740 4460 894 4523 scribendi
906 4461 1025 4544 quidem
1041 4469 1069 4523 et
1083 4464 1317 4545 iuterpunqemli
