<?xml version="1.0" encoding="UTF-8"?>
<!DOCTYPE html PUBLIC "-//W3C//DTD XHTML 1.0 Transitional//EN"
    "http://www.w3.org/TR/xhtml1/DTD/xhtml1-transitional.dtd">
<html xmlns="http://www.w3.org/1999/xhtml" xml:lang="en" lang="en">
 <head>
  <title>
</title>
<meta http-equiv="Content-Type" content="text/html;charset=utf-8" />
  <meta name='ocr-system' content='tesseract 3.04.00' />
  <meta name='ocr-capabilities' content='ocr_page ocr_carea ocr_par ocr_line ocrx_word'/>
</head>
<body>
  <div class='ocr_page' id='page_1' title='image "./opuscula00nippgoog_0076.png"; bbox 0 0 3076 5122; ppageno 0'>
   <div class='ocr_carea' id='block_1_1' title="bbox 545 358 1313 433">
    <p class='ocr_par' dir='ltr' id='par_1_1' title="bbox 545 358 1313 433">
     <span class='ocr_line' id='line_1_1' title="bbox 545 358 1313 433; baseline 0 -1"><span class='ocrx_word' id='word_1_1' title='bbox 545 373 734 432; x_wconf 76' lang='lat' dir='ltr'><em>Srrcrsaoruu</em></span> <span class='ocrx_word' id='word_1_2' title='bbox 759 390 908 433; x_wconf 71' lang='lat' dir='ltr'><em>curarent.</em></span> <span class='ocrx_word' id='word_1_3' title='bbox 1266 358 1313 432; x_wconf 77' lang='grc'><em>65</em></span> 
     </span>
    </p>
   </div>
   <div class='ocr_carea' id='block_1_2' title="bbox 170 558 1355 4663">
    <p class='ocr_par' dir='ltr' id='par_1_2' title="bbox 170 558 1355 2085">
     <span class='ocr_line' id='line_1_2' title="bbox 173 558 1316 641; baseline 0.004 -24"><span class='ocrx_word' id='word_1_4' title='bbox 173 558 381 638; x_wconf 75' lang='lat' dir='ltr'><em>Iiubotiunn&#39;ne,</em></span> <span class='ocrx_word' id='word_1_5' title='bbox 408 577 475 619; x_wconf 89' lang='lat' dir='ltr'><em>cum</em></span> <span class='ocrx_word' id='word_1_6' title='bbox 499 561 529 618; x_wconf 92' lang='lat' dir='ltr'><em>in</em></span> <span class='ocrx_word' id='word_1_7' title='bbox 545 578 601 640; x_wconf 83' lang='lat' dir='ltr'><em>qrro</em></span> <span class='ocrx_word' id='word_1_8' title='bbox 617 559 817 620; x_wconf 83' lang='lat' dir='ltr'><em>consederant</em></span> <span class='ocrx_word' id='word_1_9' title='bbox 839 579 946 641; x_wconf 73' lang='lat' dir='ltr'><em>upraim</em></span> <span class='ocrx_word' id='word_1_10' title='bbox 965 560 1139 621; x_wconf 78' lang='lat' dir='ltr'><strong><em>Insubrium</em></strong></span> <span class='ocrx_word' id='word_1_11' title='bbox 1162 562 1316 641; x_wconf 85' lang='lat' dir='ltr'><em>appellari</em></span> 
     </span>
     <span class='ocr_line' id='line_1_3' title="bbox 170 659 1316 746; baseline 0.004 -27"><span class='ocrx_word' id='word_1_12' title='bbox 170 659 297 737; x_wconf 74' lang='lat' dir='ltr'><em>audissent,</em></span> <span class='ocrx_word' id='word_1_13' title='bbox 323 662 501 746; x_wconf 68' lang='lat' dir='ltr'><em>cognomine</em></span> <span class='ocrx_word' id='word_1_14' title='bbox 513 661 694 723; x_wconf 77' lang='lat' dir='ltr'><em>Insubribus</em></span> <span class='ocrx_word' id='word_1_15' title='bbox 707 682 786 744; x_wconf 78' lang='lat' dir='ltr'><em>popo</em></span> <span class='ocrx_word' id='word_1_16' title='bbox 803 663 997 722; x_wconf 83' lang='lat' dir='ltr'><em>Haeduorum</em></span> <span class='ocrx_word' id='word_1_17' title='bbox 1021 662 1062 722; x_wconf 91' lang='lat' dir='ltr'><em>ibi</em></span> <span class='ocrx_word' id='word_1_18' title='bbox 1082 682 1165 724; x_wconf 86' lang='lat' dir='ltr'><em>onren</em></span> <span class='ocrx_word' id='word_1_19' title='bbox 1189 682 1316 745; x_wconf 81' lang='lat' dir='ltr'><em>sequen-</em></span> 
     </span>
     <span class='ocr_line' id='line_1_4' title="bbox 171 764 1320 848; baseline 0.005 -26"><span class='ocrx_word' id='word_1_20' title='bbox 171 770 200 822; x_wconf 88' lang='lat' dir='ltr'><em>tu</em></span> <span class='ocrx_word' id='word_1_21' title='bbox 216 764 259 823; x_wconf 90' lang='lat' dir='ltr'><em>lori</em></span> <span class='ocrx_word' id='word_1_22' title='bbox 276 764 436 824; x_wconf 85' lang='lat' dir='ltr'><em>corulidere</em></span> <span class='ocrx_word' id='word_1_23' title='bbox 458 764 578 840; x_wconf 81' lang='lat' dir='ltr'><em>urbern3</em></span> <span class='ocrx_word' id='word_1_24' title='bbox 606 785 668 845; x_wconf 81' lang='lat' dir='ltr'><em>qim</em></span> <span class='ocrx_word' id='word_1_25' title='bbox 685 766 749 826; x_wconf 91' lang='lat' dir='ltr'><em>loeo</em></span> <span class='ocrx_word' id='word_1_26' title='bbox 773 767 848 826; x_wconf 92' lang='lat' dir='ltr'><em>mibi</em></span> <span class='ocrx_word' id='word_1_27' title='bbox 873 786 933 827; x_wconf 91' lang='lat' dir='ltr'><em>non</em></span> <span class='ocrx_word' id='word_1_28' title='bbox 957 769 1158 848; x_wconf 67' lang='lat' dir='ltr'><em>cognomine-m</em></span> <span class='ocrx_word' id='word_1_29' title='bbox 1173 768 1320 828; x_wconf 70' lang='lat' dir='ltr'><em>scriben-</em></span> 
     </span>
     <span class='ocr_line' id='line_1_5' title="bbox 172 864 1317 946; baseline 0.005 -22"><span class='ocrx_word' id='word_1_30' title='bbox 172 864 231 943; x_wconf 83' lang='lat' dir='ltr'><em>dum,</em></span> <span class='ocrx_word' id='word_1_31' title='bbox 252 866 280 927; x_wconf 92' lang='lat' dir='ltr'><em>id</em></span> <span class='ocrx_word' id='word_1_32' title='bbox 301 866 385 946; x_wconf 87' lang='lat' dir='ltr'><em>quod</em></span> <span class='ocrx_word' id='word_1_33' title='bbox 411 869 451 928; x_wconf 76' lang='lat' dir='ltr'><em>lo,</em></span> <span class='ocrx_word' id='word_1_34' title='bbox 478 867 657 929; x_wconf 86' lang='lat' dir='ltr'><em>Fridericus</em></span> <span class='ocrx_word' id='word_1_35' title='bbox 680 868 856 929; x_wconf 82' lang='lat' dir='ltr'><em>Gronovius</em></span> <span class='ocrx_word' id='word_1_36' title='bbox 879 871 1029 946; x_wconf 83' lang='lat' dir='ltr'><em>coniecit,</em></span> <span class='ocrx_word' id='word_1_37' title='bbox 1056 869 1110 930; x_wconf 91' lang='lat' dir='ltr'><em>sed</em></span> <span class='ocrx_word' id='word_1_38' title='bbox 1137 869 1317 930; x_wconf 81' lang='lat' dir='ltr'><em>Insubribus</em></span> 
     </span>
     <span class='ocr_line' id='line_1_6' title="bbox 173 965 1318 1052; baseline 0.005 -26"><span class='ocrx_word' id='word_1_39' title='bbox 173 965 304 1030; x_wconf 88' lang='lat' dir='ltr'><em>delendum</em></span> <span class='ocrx_word' id='word_1_40' title='bbox 335 969 473 1031; x_wconf 90' lang='lat' dir='ltr'><em>videtur.</em></span> <span class='ocrx_word' id='word_1_41' title='bbox 522 973 596 1031; x_wconf 90' lang='lat' dir='ltr'><em>Sive</em></span> <span class='ocrx_word' id='word_1_42' title='bbox 628 972 712 1031; x_wconf 91' lang='lat' dir='ltr'><em>enim</em></span> <span class='ocrx_word' id='word_1_43' title='bbox 735 973 882 1032; x_wconf 84' lang='lat' dir='ltr'><em>Gronovii</em></span> <span class='ocrx_word' id='word_1_44' title='bbox 914 975 1123 1033; x_wconf 87' lang='lat' dir='ltr'><em>coniecturam</em></span> <span class='ocrx_word' id='word_1_45' title='bbox 1153 975 1318 1052; x_wconf 81' lang='lat' dir='ltr'><em>sequimur</em></span> 
     </span>
     <span class='ocr_line' id='line_1_7' title="bbox 173 1072 1317 1156; baseline 0.006 -27"><span class='ocrx_word' id='word_1_46' title='bbox 173 1072 218 1130; x_wconf 87' lang='lat' dir='ltr'><em>sive</em></span> <span class='ocrx_word' id='word_1_47' title='bbox 240 1072 373 1134; x_wconf 86' lang='lat' dir='ltr'><em>codicum</em></span> <span class='ocrx_word' id='word_1_48' title='bbox 403 1076 592 1154; x_wconf 89' lang='lat' dir='ltr'><em>scripturam</em></span> <span class='ocrx_word' id='word_1_49' title='bbox 626 1075 667 1135; x_wconf 85' lang='lat' dir='ltr'><em>ita</em></span> <span class='ocrx_word' id='word_1_50' title='bbox 699 1076 889 1155; x_wconf 78' lang='lat' dir='ltr'><em>explicamus</em></span> <span class='ocrx_word' id='word_1_51' title='bbox 919 1088 954 1136; x_wconf 85' lang='lat' dir='ltr'><em>ut</em></span> <span class='ocrx_word' id='word_1_52' title='bbox 978 1096 1090 1156; x_wconf 63' lang='lat' dir='ltr'><em>tragum</em></span> <span class='ocrx_word' id='word_1_53' title='bbox 1116 1075 1317 1137; x_wconf 83' lang='lat' dir='ltr'><em>Haeduorum</em></span> 
     </span>
     <span class='ocr_line' id='line_1_8' title="bbox 173 1176 1317 1257; baseline 0.003 -23"><span class='ocrx_word' id='word_1_54' title='bbox 173 1177 349 1250; x_wconf 73' lang='lat' dir='ltr'><em>cognominem</em></span> <span class='ocrx_word' id='word_1_55' title='bbox 363 1176 425 1237; x_wconf 90' lang='lat' dir='ltr'><em>dici</em></span> <span class='ocrx_word' id='word_1_56' title='bbox 443 1188 617 1239; x_wconf 73' lang='lat' dir='ltr'><em>statuamus</em></span> <span class='ocrx_word' id='word_1_57' title='bbox 633 1178 820 1239; x_wconf 80' lang='lat' dir='ltr'><em>Insubribus</em></span> <span class='ocrx_word' id='word_1_58' title='bbox 833 1181 887 1257; x_wconf 80' lang='lat' dir='ltr'><em>qui</em></span> <span class='ocrx_word' id='word_1_59' title='bbox 902 1177 1040 1240; x_wconf 90' lang='lat' dir='ltr'><em>adventu</em></span> <span class='ocrx_word' id='word_1_60' title='bbox 1054 1179 1213 1240; x_wconf 80' lang='lat' dir='ltr'><em>Gallorum</em></span> <span class='ocrx_word' id='word_1_61' title='bbox 1230 1179 1317 1240; x_wconf 93' lang='lat' dir='ltr'><em>illum</em></span> 
     </span>
     <span class='ocr_line' id='line_1_9' title="bbox 174 1280 1318 1361; baseline 0.008 -27"><span class='ocrx_word' id='word_1_62' title='bbox 174 1292 249 1354; x_wconf 84' lang='lat' dir='ltr'><em>agrum</em></span> <span class='ocrx_word' id='word_1_63' title='bbox 273 1282 435 1340; x_wconf 88' lang='lat' dir='ltr'><em>tenuerint</em></span> <span class='ocrx_word' id='word_1_64' title='bbox 469 1280 670 1361; x_wconf 85' lang='lat' dir='ltr'><em>(quamquam</em></span> <span class='ocrx_word' id='word_1_65' title='bbox 702 1301 776 1342; x_wconf 91' lang='lat' dir='ltr'><em>uum</em></span> <span class='ocrx_word' id='word_1_66' title='bbox 808 1283 865 1342; x_wconf 87' lang='lat' dir='ltr'><em>hoc</em></span> <span class='ocrx_word' id='word_1_67' title='bbox 895 1281 1020 1343; x_wconf 91' lang='lat' dir='ltr'><em>tradere</em></span> <span class='ocrx_word' id='word_1_68' title='bbox 1048 1283 1155 1342; x_wconf 88' lang='lat' dir='ltr'><em>Livius</em></span> <span class='ocrx_word' id='word_1_69' title='bbox 1184 1282 1318 1343; x_wconf 89' lang='lat' dir='ltr'><em>voluerit</em></span> 
     </span>
     <span class='ocr_line' id='line_1_10' title="bbox 174 1377 1317 1466; baseline 0.006 -29"><span class='ocrx_word' id='word_1_70' title='bbox 174 1377 300 1443; x_wconf 81' lang='lat' dir='ltr'><em>aluredum</em></span> <span class='ocrx_word' id='word_1_71' title='bbox 332 1383 465 1445; x_wconf 88' lang='lat' dir='ltr'><em>dubium</em></span> <span class='ocrx_word' id='word_1_72' title='bbox 497 1384 646 1466; x_wconf 85' lang='lat' dir='ltr'><em>videtur),</em></span> <span class='ocrx_word' id='word_1_73' title='bbox 685 1385 791 1465; x_wconf 90' lang='lat' dir='ltr'><em>inepte</em></span> <span class='ocrx_word' id='word_1_74' title='bbox 815 1385 994 1446; x_wconf 85' lang='lat' dir='ltr'><em>Insubribus</em></span> <span class='ocrx_word' id='word_1_75' title='bbox 1028 1385 1190 1464; x_wconf 83' lang='lat' dir='ltr'><em>adiicitur,</em></span> <span class='ocrx_word' id='word_1_76' title='bbox 1227 1386 1317 1465; x_wconf 84' lang='lat' dir='ltr'><em>quasi</em></span> 
     </span>
     <span class='ocr_line' id='line_1_11' title="bbox 176 1487 1317 1569; baseline 0.006 -27"><span class='ocrx_word' id='word_1_77' title='bbox 176 1487 264 1547; x_wconf 85' lang='lat' dir='ltr'><em>nomine</em></span> <span class='ocrx_word' id='word_1_78' title='bbox 295 1489 360 1566; x_wconf 87' lang='lat' dir='ltr'><em>agri</em></span> <span class='ocrx_word' id='word_1_79' title='bbox 395 1488 575 1549; x_wconf 91' lang='lat' dir='ltr'><em>Insubrium</em></span> <span class='ocrx_word' id='word_1_80' title='bbox 611 1490 710 1568; x_wconf 90' lang='lat' dir='ltr'><em>posito</em></span> <span class='ocrx_word' id='word_1_81' title='bbox 745 1488 828 1569; x_wconf 91' lang='lat' dir='ltr'><em>quod</em></span> <span class='ocrx_word' id='word_1_82' title='bbox 864 1509 978 1549; x_wconf 90' lang='lat' dir='ltr'><em>nomen</em></span> <span class='ocrx_word' id='word_1_83' title='bbox 1012 1490 1083 1569; x_wconf 87' lang='lat' dir='ltr'><em>pagi</em></span> <span class='ocrx_word' id='word_1_84' title='bbox 1119 1488 1317 1550; x_wconf 89' lang='lat' dir='ltr'><em>Haeduorum</em></span> 
     </span>
     <span class='ocr_line' id='line_1_12' title="bbox 176 1579 1355 1673; baseline 0.01 -31"><span class='ocrx_word' id='word_1_85' title='bbox 176 1583 253 1649; x_wconf 85' lang='lat' dir='ltr'><em>luisset</em></span> <span class='ocrx_word' id='word_1_86' title='bbox 272 1589 403 1652; x_wconf 90' lang='lat' dir='ltr'><em>dubium</em></span> <span class='ocrx_word' id='word_1_87' title='bbox 427 1579 650 1673; x_wconf 75' lang='lat' dir='ltr'><em>essel&#39;posset.</em></span> <span class='ocrx_word' id='word_1_88' title='bbox 698 1593 774 1652; x_wconf 90' lang='lat' dir='ltr'><em>Nam</em></span> <span class='ocrx_word' id='word_1_89' title='bbox 799 1593 882 1672; x_wconf 81' lang='lat' dir='ltr'><em>quod</em></span> <span class='ocrx_word' id='word_1_90' title='bbox 912 1593 964 1652; x_wconf 92' lang='lat' dir='ltr'><em>alii</em></span> <span class='ocrx_word' id='word_1_91' title='bbox 995 1593 1036 1653; x_wconf 89' lang='lat' dir='ltr'><em>ita</em></span> <span class='ocrx_word' id='word_1_92' title='bbox 1067 1594 1355 1672; x_wconf 78' lang='lat' dir='ltr'><em>interpretantursr</em></span> 
     </span>
     <span class='ocr_line' id='line_1_13' title="bbox 177 1694 1320 1775; baseline 0.003 -26"><span class='ocrx_word' id='word_1_93' title='bbox 177 1698 269 1771; x_wconf 84' lang='lat' dir='ltr'><em>utpago</em></span> <span class='ocrx_word' id='word_1_94' title='bbox 285 1694 482 1755; x_wconf 86' lang='lat' dir='ltr'><em>Haeduorum</em></span> <span class='ocrx_word' id='word_1_95' title='bbox 499 1714 671 1775; x_wconf 80' lang='lat' dir='ltr'><em>cognomen</em></span> <span class='ocrx_word' id='word_1_96' title='bbox 688 1694 874 1756; x_wconf 85' lang='lat' dir='ltr'><em>Insubribus</em></span> <span class='ocrx_word' id='word_1_97' title='bbox 893 1694 990 1755; x_wconf 85' lang='lat' dir='ltr'><em>luisse</em></span> <span class='ocrx_word' id='word_1_98' title='bbox 1014 1694 1183 1774; x_wconf 87' lang='lat' dir='ltr'><em>significari</em></span> <span class='ocrx_word' id='word_1_99' title='bbox 1208 1694 1320 1755; x_wconf 85' lang='lat' dir='ltr'><em>existi-</em></span> 
     </span>
     <span class='ocr_line' id='line_1_14' title="bbox 177 1797 1319 1878; baseline 0.004 -26"><span class='ocrx_word' id='word_1_100' title='bbox 177 1805 364 1877; x_wconf 67' lang='lat' dir='ltr'><em>uentosque</em></span> <span class='ocrx_word' id='word_1_101' title='bbox 388 1818 560 1876; x_wconf 79' lang='lat' dir='ltr'><em>cognomen</em></span> <span class='ocrx_word' id='word_1_102' title='bbox 584 1798 661 1859; x_wconf 91' lang='lat' dir='ltr'><em>illud</em></span> <span class='ocrx_word' id='word_1_103' title='bbox 685 1797 742 1859; x_wconf 92' lang='lat' dir='ltr'><em>sed</em></span> <span class='ocrx_word' id='word_1_104' title='bbox 766 1818 878 1859; x_wconf 92' lang='lat' dir='ltr'><em>nomen</em></span> <span class='ocrx_word' id='word_1_105' title='bbox 901 1817 980 1878; x_wconf 86' lang='lat' dir='ltr'><em>pago</em></span> <span class='ocrx_word' id='word_1_106' title='bbox 1004 1808 1072 1859; x_wconf 88' lang='lat' dir='ltr'><em>erat</em></span> <span class='ocrx_word' id='word_1_107' title='bbox 1095 1817 1200 1878; x_wconf 86' lang='lat' dir='ltr'><em>neque</em></span> <span class='ocrx_word' id='word_1_108' title='bbox 1225 1799 1319 1858; x_wconf 91' lang='lat' dir='ltr'><em>unius</em></span> 
     </span>
     <span class='ocr_line' id='line_1_15' title="bbox 177 1893 1320 1982; baseline 0.007 -31"><span class='ocrx_word' id='word_1_109' title='bbox 177 1893 326 1961; x_wconf 81' lang='lat' dir='ltr'><em>substantivi</em></span> <span class='ocrx_word' id='word_1_110' title='bbox 351 1901 509 1962; x_wconf 84' lang='lat' dir='ltr'><em>ablativus</em></span> <span class='ocrx_word' id='word_1_111' title='bbox 536 1903 577 1963; x_wconf 88' lang='lat' dir='ltr'><em>ita</em></span> <span class='ocrx_word' id='word_1_112' title='bbox 601 1903 674 1982; x_wconf 92' lang='lat' dir='ltr'><em>poni</em></span> <span class='ocrx_word' id='word_1_113' title='bbox 698 1912 801 1982; x_wconf 84' lang='lat' dir='ltr'><em>polest</em></span> <span class='ocrx_word' id='word_1_114' title='bbox 825 1912 858 1962; x_wconf 92' lang='lat' dir='ltr'><em>ut</em></span> <span class='ocrx_word' id='word_1_115' title='bbox 883 1903 1046 1981; x_wconf 81' lang='lat' dir='ltr'><em>participio</em></span> <span class='ocrx_word' id='word_1_116' title='bbox 1069 1900 1159 1962; x_wconf 89' lang='lat' dir='ltr'><em>verbi</em></span> <span class='ocrx_word' id='word_1_117' title='bbox 1183 1919 1247 1961; x_wconf 88' lang='lat' dir='ltr'><em>esse</em></span> <span class='ocrx_word' id='word_1_118' title='bbox 1269 1901 1320 1960; x_wconf 93' lang='lat' dir='ltr'><em>in-</em></span> 
     </span>
     <span class='ocr_line' id='line_1_16' title="bbox 178 1998 848 2085; baseline 0.015 -31"><span class='ocrx_word' id='word_1_119' title='bbox 178 1998 265 2063; x_wconf 82' lang='lat' dir='ltr'><em>tellecto</em></span> <span class='ocrx_word' id='word_1_120' title='bbox 285 2005 413 2066; x_wconf 79' lang='lat' dir='ltr'><em>alslativi</em></span> <span class='ocrx_word' id='word_1_121' title='bbox 438 2005 571 2066; x_wconf 90' lang='lat' dir='ltr'><em>absoluti</em></span> <span class='ocrx_word' id='word_1_122' title='bbox 596 2007 664 2066; x_wconf 85' lang='lat' dir='ltr'><em>vice</em></span> <span class='ocrx_word' id='word_1_123' title='bbox 688 2004 848 2085; x_wconf 77' lang='lat' dir='ltr'><em>fungatur.</em></span> 
     </span>
    </p>

    <p class='ocr_par' dir='ltr' id='par_1_3' title="bbox 178 2107 1323 2689">
     <span class='ocr_line' id='line_1_17' title="bbox 238 2107 1320 2189; baseline 0.002 -23"><span class='ocrx_word' id='word_1_124' title='bbox 238 2107 288 2169; x_wconf 87' lang='lat' dir='ltr'><em>Pel.</em></span> <span class='ocrx_word' id='word_1_125' title='bbox 308 2111 338 2186; x_wconf 82' lang='lat' dir='ltr'><em>l,</em></span> <span class='ocrx_word' id='word_1_126' title='bbox 359 2111 388 2187; x_wconf 87' lang='lat' dir='ltr'><em>l,</em></span> <span class='ocrx_word' id='word_1_127' title='bbox 415 2109 469 2170; x_wconf 94' lang='lat' dir='ltr'><em>ubi</em></span> <span class='ocrx_word' id='word_1_128' title='bbox 493 2110 570 2171; x_wconf 88' lang='lat' dir='ltr'><em>haec</em></span> <span class='ocrx_word' id='word_1_129' title='bbox 593 2110 760 2189; x_wconf 90' lang='lat' dir='ltr'><em>leguntur:</em></span> <span class='ocrx_word' id='word_1_130' title='bbox 787 2111 892 2189; x_wconf 79' lang='lat' dir='ltr'><em>Itaque</em></span> <span class='ocrx_word' id='word_1_131' title='bbox 906 2107 979 2169; x_wconf 87' lang='lat' dir='ltr'><em>baec</em></span> <span class='ocrx_word' id='word_1_132' title='bbox 1002 2108 1230 2169; x_wconf 83' lang='lat' dir='ltr'><em>liberandorum</em></span> <span class='ocrx_word' id='word_1_133' title='bbox 1248 2107 1320 2168; x_wconf 84' lang='lat' dir='ltr'><em>Tbe-</em></span> 
     </span>
     <span class='ocr_line' id='line_1_18' title="bbox 178 2201 1319 2293; baseline 0.004 -27"><span class='ocrx_word' id='word_1_134' title='bbox 178 2201 252 2269; x_wconf 85' lang='lat' dir='ltr'><em>borun</em></span> <span class='ocrx_word' id='word_1_135' title='bbox 269 2214 396 2293; x_wconf 88' lang='lat' dir='ltr'><em>propriu</em></span> <span class='ocrx_word' id='word_1_136' title='bbox 418 2213 486 2275; x_wconf 89' lang='lat' dir='ltr'><em>taus</em></span> <span class='ocrx_word' id='word_1_137' title='bbox 505 2220 549 2274; x_wconf 88' lang='lat' dir='ltr'><em>est</em></span> <span class='ocrx_word' id='word_1_138' title='bbox 566 2213 732 2293; x_wconf 78' lang='lat' dir='ltr'><em>Pelopidae,</em></span> <span class='ocrx_word' id='word_1_139' title='bbox 758 2213 935 2290; x_wconf 84' lang='lat' dir='ltr'><em>nescioqui</em></span> <span class='ocrx_word' id='word_1_140' title='bbox 955 2211 1070 2272; x_wconf 87' lang='lat' dir='ltr'><em>iactum</em></span> <span class='ocrx_word' id='word_1_141' title='bbox 1093 2213 1133 2271; x_wconf 93' lang='lat' dir='ltr'><em>sit</em></span> <span class='ocrx_word' id='word_1_142' title='bbox 1156 2220 1191 2272; x_wconf 92' lang='lat' dir='ltr'><em>ut</em></span> <span class='ocrx_word' id='word_1_143' title='bbox 1214 2229 1319 2289; x_wconf 87' lang='lat' dir='ltr'><em>neque</em></span> 
     </span>
     <span class='ocr_line' id='line_1_19' title="bbox 180 2307 1317 2396; baseline 0.005 -28"><span class='ocrx_word' id='word_1_144' title='bbox 180 2307 224 2384; x_wconf 86' lang='lat' dir='ltr'><em>ipse</em></span> <span class='ocrx_word' id='word_1_145' title='bbox 235 2315 421 2378; x_wconf 84' lang='lat' dir='ltr'><em>attenderem</em></span> <span class='ocrx_word' id='word_1_146' title='bbox 444 2337 549 2396; x_wconf 86' lang='lat' dir='ltr'><em>neque</em></span> <span class='ocrx_word' id='word_1_147' title='bbox 574 2334 682 2378; x_wconf 90' lang='lat' dir='ltr'><em>eorum</em></span> <span class='ocrx_word' id='word_1_148' title='bbox 701 2317 922 2377; x_wconf 78' lang='lat' dir='ltr'><em>renuniscerer</em></span> <span class='ocrx_word' id='word_1_149' title='bbox 937 2334 1018 2394; x_wconf 88' lang='lat' dir='ltr'><em>quae</em></span> <span class='ocrx_word' id='word_1_150' title='bbox 1034 2314 1208 2394; x_wconf 79' lang='lat' dir='ltr'><em>Madvigius</em></span> <span class='ocrx_word' id='word_1_151' title='bbox 1225 2315 1317 2394; x_wconf 90' lang='lat' dir='ltr'><em>epist.</em></span> 
     </span>
     <span class='ocr_line' id='line_1_20' title="bbox 179 2410 1321 2506; baseline 0.003 -31"><span class='ocrx_word' id='word_1_152' title='bbox 179 2410 298 2479; x_wconf 75' lang='lat' dir='ltr'><em>aduren.</em></span> <span class='ocrx_word' id='word_1_153' title='bbox 324 2442 354 2500; x_wconf 91' lang='lat' dir='ltr'><em>p.</em></span> <span class='ocrx_word' id='word_1_154' title='bbox 384 2421 445 2506; x_wconf 74' lang='lat' dir='ltr'><em>l3b</em></span> <span class='ocrx_word' id='word_1_155' title='bbox 469 2420 656 2500; x_wconf 89' lang='lat' dir='ltr'><em>disputavit.</em></span> <span class='ocrx_word' id='word_1_156' title='bbox 704 2420 887 2480; x_wconf 83' lang='lat' dir='ltr'><em>Rectissime</em></span> <span class='ocrx_word' id='word_1_157' title='bbox 918 2420 1001 2480; x_wconf 91' lang='lat' dir='ltr'><em>enim</em></span> <span class='ocrx_word' id='word_1_158' title='bbox 1032 2419 1085 2479; x_wconf 90' lang='lat' dir='ltr'><em>ille</em></span> <span class='ocrx_word' id='word_1_159' title='bbox 1109 2417 1321 2496; x_wconf 82' lang='lat' dir='ltr'><em>gerundivum</em></span> 
     </span>
     <span class='ocr_line' id='line_1_21' title="bbox 180 2511 1323 2604; baseline 0.003 -25"><span class='ocrx_word' id='word_1_160' title='bbox 180 2511 206 2573; x_wconf 78' lang='lat' dir='ltr'><em>do</em></span> <span class='ocrx_word' id='word_1_161' title='bbox 221 2525 373 2597; x_wconf 88' lang='lat' dir='ltr'><em>praeterito</em></span> <span class='ocrx_word' id='word_1_162' title='bbox 397 2534 537 2604; x_wconf 88' lang='lat' dir='ltr'><em>tempore</em></span> <span class='ocrx_word' id='word_1_163' title='bbox 560 2525 633 2604; x_wconf 90' lang='lat' dir='ltr'><em>poni</em></span> <span class='ocrx_word' id='word_1_164' title='bbox 658 2525 785 2602; x_wconf 88' lang='lat' dir='ltr'><em>negavit</em></span> <span class='ocrx_word' id='word_1_165' title='bbox 808 2533 839 2584; x_wconf 88' lang='lat' dir='ltr'><em>et</em></span> <span class='ocrx_word' id='word_1_166' title='bbox 862 2524 919 2583; x_wconf 90' lang='lat' dir='ltr'><em>hoc</em></span> <span class='ocrx_word' id='word_1_167' title='bbox 939 2524 1067 2603; x_wconf 80' lang='lat' dir='ltr'><em>Nepotis</em></span> <span class='ocrx_word' id='word_1_168' title='bbox 1090 2524 1154 2583; x_wconf 87' lang='lat' dir='ltr'><em>loeo</em></span> <span class='ocrx_word' id='word_1_169' title='bbox 1178 2521 1323 2583; x_wconf 86' lang='lat' dir='ltr'><em>liberatu-</em></span> 
     </span>
     <span class='ocr_line' id='line_1_22' title="bbox 180 2627 684 2689; baseline 0.028 -15"><span class='ocrx_word' id='word_1_170' title='bbox 180 2635 225 2680; x_wconf 85' lang='lat' dir='ltr'><em>run</em></span> <span class='ocrx_word' id='word_1_171' title='bbox 241 2627 436 2689; x_wconf 85' lang='lat' dir='ltr'><em>scribendum</em></span> <span class='ocrx_word' id='word_1_172' title='bbox 460 2647 529 2688; x_wconf 91' lang='lat' dir='ltr'><em>esse</em></span> <span class='ocrx_word' id='word_1_173' title='bbox 553 2629 684 2688; x_wconf 89' lang='lat' dir='ltr'><em>monuit.</em></span> 
     </span>
    </p>

    <p class='ocr_par' dir='ltr' id='par_1_4' title="bbox 174 2727 1332 4574">
     <span class='ocr_line' id='line_1_23' title="bbox 236 2727 1323 2811; baseline 0.001 -23"><span class='ocrx_word' id='word_1_174' title='bbox 236 2727 283 2810; x_wconf 81' lang='lat' dir='ltr'><em>lg.</em></span> <span class='ocrx_word' id='word_1_175' title='bbox 302 2733 369 2810; x_wconf 83' lang='lat' dir='ltr'><em>o‚3</em></span> <span class='ocrx_word' id='word_1_176' title='bbox 396 2752 466 2793; x_wconf 90' lang='lat' dir='ltr'><em>cum</em></span> <span class='ocrx_word' id='word_1_177' title='bbox 492 2733 522 2792; x_wconf 91' lang='lat' dir='ltr'><em>in</em></span> <span class='ocrx_word' id='word_1_178' title='bbox 549 2732 680 2811; x_wconf 85' lang='lat' dir='ltr'><em>reliquis</em></span> <span class='ocrx_word' id='word_1_179' title='bbox 703 2730 864 2792; x_wconf 88' lang='lat' dir='ltr'><em>codicibus</em></span> <span class='ocrx_word' id='word_1_180' title='bbox 887 2731 1040 2811; x_wconf 90' lang='lat' dir='ltr'><em>scriptum</em></span> <span class='ocrx_word' id='word_1_181' title='bbox 1065 2740 1147 2791; x_wconf 89' lang='lat' dir='ltr'><em>esset</em></span> <span class='ocrx_word' id='word_1_182' title='bbox 1172 2730 1222 2790; x_wconf 82' lang='lat' dir='ltr'><em>Sic</em></span> <span class='ocrx_word' id='word_1_183' title='bbox 1244 2729 1323 2790; x_wconf 81' lang='lat' dir='ltr'><em>mlu-</em></span> 
     </span>
     <span class='ocr_line' id='line_1_24' title="bbox 180 2822 1324 2914; baseline 0.01 -32"><span class='ocrx_word' id='word_1_184' title='bbox 180 2822 317 2897; x_wconf 83' lang='lat' dir='ltr'><em>bsnntulos</em></span> <span class='ocrx_word' id='word_1_185' title='bbox 348 2837 492 2896; x_wconf 87' lang='lat' dir='ltr'><em>sintulutu</em></span> <span class='ocrx_word' id='word_1_186' title='bbox 526 2836 699 2896; x_wconf 79' lang='lat' dir='ltr'><em>luoututionc</em></span> <span class='ocrx_word' id='word_1_187' title='bbox 731 2837 926 2914; x_wconf 84' lang='lat' dir='ltr'><em>recuperauit</em></span> <span class='ocrx_word' id='word_1_188' title='bbox 946 2842 985 2898; x_wconf 75' lang='lat' dir='ltr'><em>‚et</em></span> <span class='ocrx_word' id='word_1_189' title='bbox 1013 2833 1165 2895; x_wconf 87' lang='lat' dir='ltr'><em>adiunctis</em></span> <span class='ocrx_word' id='word_1_190' title='bbox 1194 2834 1230 2894; x_wconf 88' lang='lat' dir='ltr'><em>de</em></span> <span class='ocrx_word' id='word_1_191' title='bbox 1259 2836 1324 2894; x_wconf 90' lang='lat' dir='ltr'><em>suis</em></span> 
     </span>
     <span class='ocr_line' id='line_1_25' title="bbox 179 2928 1321 3018; baseline 0.007 -29"><span class='ocrx_word' id='word_1_192' title='bbox 179 2935 294 3000; x_wconf 77' lang='lat' dir='ltr'><em>mitibus</em></span> <span class='ocrx_word' id='word_1_193' title='bbox 317 2939 413 3000; x_wconf 80' lang='lat' dir='ltr'><em>locirm</em></span> <span class='ocrx_word' id='word_1_194' title='bbox 437 2928 541 3000; x_wconf 62' lang='lat' dir='ltr'><em>tutum&#39;</em></span> <span class='ocrx_word' id='word_1_195' title='bbox 555 2939 691 3018; x_wconf 82' lang='lat' dir='ltr'><em>reliquit,</em></span> <span class='ocrx_word' id='word_1_196' title='bbox 719 2939 750 2998; x_wconf 89' lang='lat' dir='ltr'><em>in</em></span> <span class='ocrx_word' id='word_1_197' title='bbox 775 2937 1052 3018; x_wconf 82' lang='lat' dir='ltr'><em>Guelpherbytuno</em></span> <span class='ocrx_word' id='word_1_198' title='bbox 1076 2937 1321 3009; x_wconf 84' lang='lat' dir='ltr'><em>mlulescentulis‚</em></span> 
     </span>
     <span class='ocr_line' id='line_1_26' title="bbox 180 3029 1324 3119; baseline 0.002 -22"><span class='ocrx_word' id='word_1_199' title='bbox 180 3029 200 3091; x_wconf 76' lang='lat' dir='ltr'><em>ln</em></span> <span class='ocrx_word' id='word_1_200' title='bbox 222 3039 344 3104; x_wconf 87' lang='lat' dir='ltr'><em>editione</em></span> <span class='ocrx_word' id='word_1_201' title='bbox 367 3043 569 3103; x_wconf 87' lang='lat' dir='ltr'><em>Ultraiectina</em></span> <span class='ocrx_word' id='word_1_202' title='bbox 600 3042 835 3119; x_wconf 81' lang='lat' dir='ltr'><em>adulescenteis,</em></span> <span class='ocrx_word' id='word_1_203' title='bbox 873 3052 904 3102; x_wconf 87' lang='lat' dir='ltr'><em>et</em></span> <span class='ocrx_word' id='word_1_204' title='bbox 934 3042 1065 3102; x_wconf 86' lang='lat' dir='ltr'><em>Rothius</em></span> <span class='ocrx_word' id='word_1_205' title='bbox 1095 3052 1126 3102; x_wconf 89' lang='lat' dir='ltr'><em>et</em></span> <span class='ocrx_word' id='word_1_206' title='bbox 1149 3041 1324 3102; x_wconf 87' lang='lat' dir='ltr'><em>Beneekius</em></span> 
     </span>
     <span class='ocr_line' id='line_1_27' title="bbox 178 3138 1325 3224; baseline 0.003 -24"><span class='ocrx_word' id='word_1_207' title='bbox 178 3138 341 3207; x_wconf 71' lang='lat' dir='ltr'><em>nitescentis</em></span> <span class='ocrx_word' id='word_1_208' title='bbox 364 3145 567 3207; x_wconf 88' lang='lat' dir='ltr'><em>scribendum</em></span> <span class='ocrx_word' id='word_1_209' title='bbox 591 3147 805 3206; x_wconf 82' lang='lat' dir='ltr'><em>coniecerunt.</em></span> <span class='ocrx_word' id='word_1_210' title='bbox 856 3146 947 3206; x_wconf 87' lang='lat' dir='ltr'><em>Heete</em></span> <span class='ocrx_word' id='word_1_211' title='bbox 970 3146 1080 3206; x_wconf 89' lang='lat' dir='ltr'><em>statuit</em></span> <span class='ocrx_word' id='word_1_212' title='bbox 1110 3155 1244 3224; x_wconf 84' lang='lat' dir='ltr'><em>uterque</em></span> <span class='ocrx_word' id='word_1_213' title='bbox 1275 3145 1325 3204; x_wconf 92' lang='lat' dir='ltr'><em>in-</em></span> 
     </span>
     <span class='ocr_line' id='line_1_28' title="bbox 178 3245 1325 3330; baseline 0.009 -32"><span class='ocrx_word' id='word_1_214' title='bbox 178 3245 296 3312; x_wconf 85' lang='lat' dir='ltr'><em>credibile</em></span> <span class='ocrx_word' id='word_1_215' title='bbox 319 3270 389 3311; x_wconf 90' lang='lat' dir='ltr'><em>esse</em></span> <span class='ocrx_word' id='word_1_216' title='bbox 417 3271 489 3312; x_wconf 91' lang='lat' dir='ltr'><em>eum</em></span> <span class='ocrx_word' id='word_1_217' title='bbox 513 3251 566 3330; x_wconf 90' lang='lat' dir='ltr'><em>qui</em></span> <span class='ocrx_word' id='word_1_218' title='bbox 597 3249 766 3311; x_wconf 90' lang='lat' dir='ltr'><em>editionem</em></span> <span class='ocrx_word' id='word_1_219' title='bbox 791 3250 1025 3311; x_wconf 85' lang='lat' dir='ltr'><em>Ultraieetinam</em></span> <span class='ocrx_word' id='word_1_220' title='bbox 1056 3249 1192 3309; x_wconf 83' lang='lat' dir='ltr'><em>correxit</em></span> <span class='ocrx_word' id='word_1_221' title='bbox 1219 3248 1325 3309; x_wconf 70' lang='lat' dir='ltr'><em>antule-</em></span> 
     </span>
     <span class='ocr_line' id='line_1_29' title="bbox 177 3351 1326 3435; baseline 0.001 -26"><span class='ocrx_word' id='word_1_222' title='bbox 177 3357 271 3414; x_wconf 76' lang='lat' dir='ltr'><em>seuseu</em></span> <span class='ocrx_word' id='word_1_223' title='bbox 292 3358 465 3435; x_wconf 89' lang='lat' dir='ltr'><em>positurum</em></span> <span class='ocrx_word' id='word_1_224' title='bbox 499 3353 612 3432; x_wconf 86' lang='lat' dir='ltr'><em>luisse,</em></span> <span class='ocrx_word' id='word_1_225' title='bbox 639 3355 664 3414; x_wconf 90' lang='lat' dir='ltr'><em>si</em></span> <span class='ocrx_word' id='word_1_226' title='bbox 700 3357 730 3414; x_wconf 92' lang='lat' dir='ltr'><em>in</em></span> <span class='ocrx_word' id='word_1_227' title='bbox 766 3352 873 3415; x_wconf 89' lang='lat' dir='ltr'><em>codice</em></span> <span class='ocrx_word' id='word_1_228' title='bbox 897 3355 1059 3414; x_wconf 90' lang='lat' dir='ltr'><em>Danielino</em></span> <span class='ocrx_word' id='word_1_229' title='bbox 1087 3351 1326 3413; x_wconf 83' lang='lat' dir='ltr'><em>udrtlcscentulos</em></span> 
     </span>
     <span class='ocr_line' id='line_1_30' title="bbox 178 3448 1326 3535; baseline 0.006 -28"><span class='ocrx_word' id='word_1_230' title='bbox 178 3448 329 3519; x_wconf 87' lang='lat' dir='ltr'><em>invenisset.</em></span> <span class='ocrx_word' id='word_1_231' title='bbox 378 3457 441 3519; x_wconf 89' lang='lat' dir='ltr'><em>Sed</em></span> <span class='ocrx_word' id='word_1_232' title='bbox 464 3457 597 3519; x_wconf 93' lang='lat' dir='ltr'><em>dubium</em></span> <span class='ocrx_word' id='word_1_233' title='bbox 627 3469 675 3520; x_wconf 88' lang='lat' dir='ltr'><em>est</em></span> <span class='ocrx_word' id='word_1_234' title='bbox 705 3469 810 3519; x_wconf 88' lang='lat' dir='ltr'><em>utrum</em></span> <span class='ocrx_word' id='word_1_235' title='bbox 835 3457 1035 3518; x_wconf 82' lang='lat' dir='ltr'><em>uilrdesccntis</em></span> <span class='ocrx_word' id='word_1_236' title='bbox 1059 3457 1217 3517; x_wconf 89' lang='lat' dir='ltr'><em>invenerit</em></span> <span class='ocrx_word' id='word_1_237' title='bbox 1245 3452 1326 3535; x_wconf 85' lang='lat' dir='ltr'><em>(uam</em></span> 
     </span>
     <span class='ocr_line' id='line_1_31' title="bbox 176 3551 1327 3622; baseline 0.006 -12"><span class='ocrx_word' id='word_1_238' title='bbox 176 3551 237 3616; x_wconf 87' lang='lat' dir='ltr'><em>hunc</em></span> <span class='ocrx_word' id='word_1_239' title='bbox 255 3562 419 3622; x_wconf 87' lang='lat' dir='ltr'><em>accusativi</em></span> <span class='ocrx_word' id='word_1_240' title='bbox 451 3564 572 3621; x_wconf 81' lang='lat' dir='ltr'><em>exitum</em></span> <span class='ocrx_word' id='word_1_241' title='bbox 602 3572 688 3622; x_wconf 85' lang='lat' dir='ltr'><em>recte</em></span> <span class='ocrx_word' id='word_1_242' title='bbox 711 3560 842 3622; x_wconf 86' lang='lat' dir='ltr'><em>Rothius</em></span> <span class='ocrx_word' id='word_1_243' title='bbox 871 3562 902 3620; x_wconf 91' lang='lat' dir='ltr'><em>in</em></span> <span class='ocrx_word' id='word_1_244' title='bbox 926 3561 1090 3620; x_wconf 89' lang='lat' dir='ltr'><em>Danielino</em></span> <span class='ocrx_word' id='word_1_245' title='bbox 1122 3559 1218 3620; x_wconf 88' lang='lat' dir='ltr'><em>luisse</em></span> <span class='ocrx_word' id='word_1_246' title='bbox 1244 3556 1327 3618; x_wconf 93' lang='lat' dir='ltr'><em>iudi-</em></span> 
     </span>
     <span class='ocr_line' id='line_1_32' title="bbox 176 3659 1327 3744; baseline 0.004 -30"><span class='ocrx_word' id='word_1_247' title='bbox 176 3659 235 3721; x_wconf 80' lang='lat' dir='ltr'><em>cavit</em></span> <span class='ocrx_word' id='word_1_248' title='bbox 261 3664 451 3744; x_wconf 86' lang='lat' dir='ltr'><em>ubicumque</em></span> <span class='ocrx_word' id='word_1_249' title='bbox 481 3665 613 3725; x_wconf 81' lang='lat' dir='ltr'><em>alterum</em></span> <span class='ocrx_word' id='word_1_250' title='bbox 645 3666 698 3744; x_wconf 85' lang='lat' dir='ltr'><em>qui</em></span> <span class='ocrx_word' id='word_1_251' title='bbox 735 3665 766 3724; x_wconf 91' lang='lat' dir='ltr'><em>in</em></span> <span class='ocrx_word' id='word_1_252' title='bbox 794 3664 995 3724; x_wconf 87' lang='lat' dir='ltr'><em>Ultraiectina</em></span> <span class='ocrx_word' id='word_1_253' title='bbox 1032 3673 1094 3741; x_wconf 84' lang='lat' dir='ltr'><em>est,</em></span> <span class='ocrx_word' id='word_1_254' title='bbox 1133 3664 1327 3723; x_wconf 90' lang='lat' dir='ltr'><em>rarissimum</em></span> 
     </span>
     <span class='ocr_line' id='line_1_33' title="bbox 176 3759 1328 3848; baseline 0.008 -32"><span class='ocrx_word' id='word_1_255' title='bbox 176 3759 240 3825; x_wconf 90' lang='lat' dir='ltr'><em>illum</em></span> <span class='ocrx_word' id='word_1_256' title='bbox 263 3769 289 3828; x_wconf 94' lang='lat' dir='ltr'><em>in</em></span> <span class='ocrx_word' id='word_1_257' title='bbox 314 3769 403 3830; x_wconf 92' lang='lat' dir='ltr'><em>libris</em></span> <span class='ocrx_word' id='word_1_258' title='bbox 426 3770 566 3848; x_wconf 87' lang='lat' dir='ltr'><em>antiquis</em></span> <span class='ocrx_word' id='word_1_259' title='bbox 589 3788 694 3848; x_wconf 81' lang='lat' dir='ltr'><em>neque</em></span> <span class='ocrx_word' id='word_1_260' title='bbox 719 3771 749 3828; x_wconf 93' lang='lat' dir='ltr'><em>in</em></span> <span class='ocrx_word' id='word_1_261' title='bbox 774 3769 836 3828; x_wconf 91' lang='lat' dir='ltr'><em>ullo</em></span> <span class='ocrx_word' id='word_1_262' title='bbox 859 3768 918 3827; x_wconf 87' lang='lat' dir='ltr'><em>alio</em></span> <span class='ocrx_word' id='word_1_263' title='bbox 935 3768 1062 3847; x_wconf 82' lang='lat' dir='ltr'><em>Nepotis</em></span> <span class='ocrx_word' id='word_1_264' title='bbox 1085 3765 1190 3826; x_wconf 90' lang='lat' dir='ltr'><em>codice</em></span> <span class='ocrx_word' id='word_1_265' title='bbox 1215 3768 1328 3826; x_wconf 90' lang='lat' dir='ltr'><em>inven-</em></span> 
     </span>
     <span class='ocr_line' id='line_1_34' title="bbox 176 3868 1329 3951; baseline 0.007 -31"><span class='ocrx_word' id='word_1_266' title='bbox 176 3872 233 3944; x_wconf 86' lang='lat' dir='ltr'><em>lun,</em></span> <span class='ocrx_word' id='word_1_267' title='bbox 255 3882 433 3933; x_wconf 81' lang='lat' dir='ltr'><em>enotaverat</em></span> <span class='ocrx_word' id='word_1_268' title='bbox 455 3873 579 3948; x_wconf 86' lang='lat' dir='ltr'><em>Daniel;</em></span> <span class='ocrx_word' id='word_1_269' title='bbox 613 3871 697 3951; x_wconf 85' lang='lat' dir='ltr'><em>quod</em></span> <span class='ocrx_word' id='word_1_270' title='bbox 726 3872 777 3932; x_wconf 90' lang='lat' dir='ltr'><em>ille</em></span> <span class='ocrx_word' id='word_1_271' title='bbox 802 3870 917 3932; x_wconf 88' lang='lat' dir='ltr'><em>lecerat</em></span> <span class='ocrx_word' id='word_1_272' title='bbox 946 3889 1050 3930; x_wconf 87' lang='lat' dir='ltr'><em>amore</em></span> <span class='ocrx_word' id='word_1_273' title='bbox 1074 3868 1209 3950; x_wconf 83' lang='lat' dir='ltr'><em>quodam</em></span> <span class='ocrx_word' id='word_1_274' title='bbox 1234 3869 1329 3929; x_wconf 90' lang='lat' dir='ltr'><em>buius</em></span> 
     </span>
     <span class='ocr_line' id='line_1_35' title="bbox 176 3963 1328 4051; baseline 0 -20"><span class='ocrx_word' id='word_1_275' title='bbox 176 3963 267 4035; x_wconf 77' lang='lat' dir='ltr'><em>formae</em></span> <span class='ocrx_word' id='word_1_276' title='bbox 284 3976 463 4036; x_wconf 90' lang='lat' dir='ltr'><em>hominibus</em></span> <span class='ocrx_word' id='word_1_277' title='bbox 486 3977 597 4037; x_wconf 89' lang='lat' dir='ltr'><em>aetatis</em></span> <span class='ocrx_word' id='word_1_278' title='bbox 620 3994 695 4036; x_wconf 88' lang='lat' dir='ltr'><em>suae</em></span> <span class='ocrx_word' id='word_1_279' title='bbox 718 3978 873 4036; x_wconf 83' lang='lat' dir='ltr'><em>communi</em></span> <span class='ocrx_word' id='word_1_280' title='bbox 891 3973 1004 4035; x_wconf 85' lang='lat' dir='ltr'><em>ductus</em></span> <span class='ocrx_word' id='word_1_281' title='bbox 1027 3992 1089 4033; x_wconf 91' lang='lat' dir='ltr'><em>nou</em></span> <span class='ocrx_word' id='word_1_282' title='bbox 1112 3973 1218 4033; x_wconf 91' lang='lat' dir='ltr'><em>minus</em></span> <span class='ocrx_word' id='word_1_283' title='bbox 1235 3991 1328 4051; x_wconf 90' lang='lat' dir='ltr'><em>quam</em></span> 
     </span>
     <span class='ocr_line' id='line_1_36' title="bbox 174 4068 1329 4154; baseline 0.006 -26"><span class='ocrx_word' id='word_1_284' title='bbox 174 4068 291 4139; x_wconf 80' lang='lat' dir='ltr'><em>Gitanius</em></span> <span class='ocrx_word' id='word_1_285' title='bbox 313 4098 385 4140; x_wconf 90' lang='lat' dir='ltr'><em>cum</em></span> <span class='ocrx_word' id='word_1_286' title='bbox 412 4079 556 4142; x_wconf 76' lang='lat' dir='ltr'><em>Ili-raeces</em></span> <span class='ocrx_word' id='word_1_287' title='bbox 580 4089 610 4140; x_wconf 87' lang='lat' dir='ltr'><em>et</em></span> <span class='ocrx_word' id='word_1_288' title='bbox 637 4079 811 4139; x_wconf 87' lang='lat' dir='ltr'><em>Tbrueciurn</em></span> <span class='ocrx_word' id='word_1_289' title='bbox 839 4080 870 4137; x_wconf 92' lang='lat' dir='ltr'><em>in</em></span> <span class='ocrx_word' id='word_1_290' title='bbox 895 4076 1004 4137; x_wconf 90' lang='lat' dir='ltr'><em>eodem</em></span> <span class='ocrx_word' id='word_1_291' title='bbox 1028 4076 1134 4137; x_wconf 87' lang='lat' dir='ltr'><em>codice</em></span> <span class='ocrx_word' id='word_1_292' title='bbox 1158 4096 1191 4137; x_wconf 89' lang='lat' dir='ltr'><em>se</em></span> <span class='ocrx_word' id='word_1_293' title='bbox 1214 4076 1329 4154; x_wconf 91' lang='lat' dir='ltr'><em>legisse</em></span> 
     </span>
     <span class='ocr_line' id='line_1_37' title="bbox 175 4174 1329 4263; baseline -0.002 -23"><span class='ocrx_word' id='word_1_294' title='bbox 175 4174 285 4259; x_wconf 75' lang='lat' dir='ltr'><em>Simulat,</em></span> <span class='ocrx_word' id='word_1_295' title='bbox 311 4203 368 4263; x_wconf 88' lang='lat' dir='ltr'><em>pro</em></span> <span class='ocrx_word' id='word_1_296' title='bbox 385 4183 501 4263; x_wconf 85' lang='lat' dir='ltr'><em>quibus</em></span> <span class='ocrx_word' id='word_1_297' title='bbox 520 4183 644 4243; x_wconf 84' lang='lat' dir='ltr'><em>Tbreces</em></span> <span class='ocrx_word' id='word_1_298' title='bbox 663 4193 694 4243; x_wconf 89' lang='lat' dir='ltr'><em>et</em></span> <span class='ocrx_word' id='word_1_299' title='bbox 714 4181 866 4242; x_wconf 81' lang='lat' dir='ltr'><em>Tbreciunt</em></span> <span class='ocrx_word' id='word_1_300' title='bbox 890 4181 1006 4260; x_wconf 89' lang='lat' dir='ltr'><em>scripta</em></span> <span class='ocrx_word' id='word_1_301' title='bbox 1024 4179 1120 4241; x_wconf 86' lang='lat' dir='ltr'><em>luisse</em></span> <span class='ocrx_word' id='word_1_302' title='bbox 1144 4189 1229 4240; x_wconf 86' lang='lat' dir='ltr'><em>recte</em></span> <span class='ocrx_word' id='word_1_303' title='bbox 1247 4177 1329 4239; x_wconf 91' lang='lat' dir='ltr'><em>idem</em></span> 
     </span>
     <span class='ocr_line' id='line_1_38' title="bbox 176 4276 1329 4366; baseline 0.003 -29"><span class='ocrx_word' id='word_1_304' title='bbox 176 4276 279 4347; x_wconf 85' lang='lat' dir='ltr'><em>llotbius</em></span> <span class='ocrx_word' id='word_1_305' title='bbox 300 4288 422 4347; x_wconf 89' lang='lat' dir='ltr'><em>Danieli</em></span> <span class='ocrx_word' id='word_1_306' title='bbox 446 4297 478 4347; x_wconf 89' lang='lat' dir='ltr'><em>et</em></span> <span class='ocrx_word' id='word_1_307' title='bbox 501 4287 631 4366; x_wconf 86' lang='lat' dir='ltr'><em>reliquis</em></span> <span class='ocrx_word' id='word_1_308' title='bbox 654 4287 781 4365; x_wconf 83' lang='lat' dir='ltr'><em>Nepotis</em></span> <span class='ocrx_word' id='word_1_309' title='bbox 804 4283 966 4344; x_wconf 86' lang='lat' dir='ltr'><em>codicibus</em></span> <span class='ocrx_word' id='word_1_310' title='bbox 994 4282 1145 4344; x_wconf 85' lang='lat' dir='ltr'><em>credidit:</em></span> <span class='ocrx_word' id='word_1_311' title='bbox 1187 4303 1258 4344; x_wconf 91' lang='lat' dir='ltr'><em>nam</em></span> <span class='ocrx_word' id='word_1_312' title='bbox 1289 4302 1329 4342; x_wconf 92' lang='lat' dir='ltr'><em>ne</em></span> 
     </span>
     <span class='ocr_line' id='line_1_39' title="bbox 175 4379 1330 4470; baseline 0 -25"><span class='ocrx_word' id='word_1_313' title='bbox 175 4379 334 4451; x_wconf 70' lang='lat' dir='ltr'><em>italiorum</em></span> <span class='ocrx_word' id='word_1_314' title='bbox 364 4388 494 4470; x_wconf 88' lang='lat' dir='ltr'><em>quidem</em></span> <span class='ocrx_word' id='word_1_315' title='bbox 522 4391 709 4469; x_wconf 87' lang='lat' dir='ltr'><em>scriptorum</em></span> <span class='ocrx_word' id='word_1_316' title='bbox 744 4387 832 4448; x_wconf 90' lang='lat' dir='ltr'><em>libris</em></span> <span class='ocrx_word' id='word_1_317' title='bbox 866 4388 924 4447; x_wconf 90' lang='lat' dir='ltr'><em>nisi</em></span> <span class='ocrx_word' id='word_1_318' title='bbox 955 4389 1122 4467; x_wconf 89' lang='lat' dir='ltr'><em>perpaucis</em></span> <span class='ocrx_word' id='word_1_319' title='bbox 1156 4387 1231 4447; x_wconf 93' lang='lat' dir='ltr'><em>locis</em></span> <span class='ocrx_word' id='word_1_320' title='bbox 1260 4386 1330 4445; x_wconf 87' lang='lat' dir='ltr'><em>illae</em></span> 
     </span>
     <span class='ocr_line' id='line_1_40' title="bbox 177 4481 1332 4574; baseline -0.004 -23"><span class='ocrx_word' id='word_1_321' title='bbox 177 4481 268 4552; x_wconf 64' lang='lat' dir='ltr'><em>bonnae</em></span> <span class='ocrx_word' id='word_1_322' title='bbox 297 4494 529 4574; x_wconf 79' lang='lat' dir='ltr'><em>inveniuntur),</em></span> <span class='ocrx_word' id='word_1_323' title='bbox 566 4492 621 4554; x_wconf 89' lang='lat' dir='ltr'><em>sed</em></span> <span class='ocrx_word' id='word_1_324' title='bbox 656 4503 689 4554; x_wconf 89' lang='lat' dir='ltr'><em>ut</em></span> <span class='ocrx_word' id='word_1_325' title='bbox 724 4491 829 4552; x_wconf 89' lang='lat' dir='ltr'><em>dicere</em></span> <span class='ocrx_word' id='word_1_326' title='bbox 863 4492 1081 4567; x_wconf 78' lang='lat' dir='ltr'><em>institueram,</em></span> <span class='ocrx_word' id='word_1_327' title='bbox 1118 4488 1251 4550; x_wconf 89' lang='lat' dir='ltr'><em>dubium</em></span> <span class='ocrx_word' id='word_1_328' title='bbox 1285 4496 1332 4548; x_wconf 89' lang='lat' dir='ltr'><em>est-</em></span> 
     </span>
    </p>

    <p class='ocr_par' dir='ltr' id='par_1_5' title="bbox 214 4597 1127 4663">
     <span class='ocr_line' id='line_1_41' title="bbox 214 4597 1127 4663; baseline 0.003 -14"><span class='ocrx_word' id='word_1_329' title='bbox 214 4608 338 4663; x_wconf 73' lang='lat' dir='ltr'><em>Nlppexdey,</em></span> <span class='ocrx_word' id='word_1_330' title='bbox 358 4611 478 4661; x_wconf 69' lang='lat' dir='ltr'><em>(spurcum.</em></span> <span class='ocrx_word' id='word_1_331' title='bbox 1113 4597 1127 4640; x_wconf 82' lang='lat'><strong>5</strong></span> 
     </span>
    </p>
   </div>
   <div class='ocr_carea' id='block_1_3' title="bbox 0 0 1550 5122">
    <p class='ocr_par' dir='ltr' id='par_1_6' title="bbox 0 0 1550 5122">
     <span class='ocr_line' id='line_1_42' title="bbox 0 0 1550 5122; baseline 0 0"><span class='ocrx_word' id='word_1_332' title='bbox 0 0 1550 5122; x_wconf 95' lang='lat' dir='ltr'><em> </em></span> 
     </span>
    </p>
   </div>
  </div>
 </body>
</html>
