3076 5122
170 316 246 388 214
647 328 879 389 Enrunlrronrs

169 538 256 582 mum
278 518 319 581 ad
340 537 478 599 pugnam
502 517 660 595 venerint,
686 535 792 597 neque
816 513 895 577 forte
917 517 1032 577 victam
1054 514 1152 577 ullam
1170 515 1354 578 Vitelliano-

168 641 239 684 rum
262 631 401 703 partem,
434 619 594 702 siquidem
616 620 651 681 in
674 617 809 680 adversa
832 619 977 698 equitnm
999 637 1123 700 pugna,
1156 637 1239 699 quae
1263 629 1354 682 antea

169 721 269 787 relata
291 733 349 804 est,
375 724 456 786 nihil
478 721 648 786 admodum
671 721 750 785 iorte
766 730 889 802 gestum
913 730 972 784 est.
1009 721 1151 783 Ritterus
1172 723 1252 784 mire
1268 724 1354 803 prio-

168 826 260 889 ribus
282 827 326 888 ita
349 827 493 905 occurrit,
520 835 556 887 ut
578 827 671 887 victos
694 825 775 886 solos
797 825 924 905 equites
945 822 1009 886 dici
1032 823 1184 902 aiiirmet;
1208 824 1290 906 forte
1312 827 1354 887 ita

169 929 327 1009 defendit,
356 938 393 991 nt
414 929 554 1008 legiones
584 928 687 990 aliene
710 926 799 990 clade
821 928 921 989 victas
944 928 1187 1008 interpretetur.
1235 929 1354 1002 Quam-

169 1052 264 1114 quam
293 1051 400 1113 neque
423 1033 479 1112 qui
508 1032 612 1094 aliena
641 1029 730 1093 clade
752 1031 902 1107 vincitur,
943 1028 1021 1092 lorte
1050 1032 1207 1108 vincitnr;
1249 1051 1354 1114 neque

168 1137 241 1198 uicti
262 1137 314 1197 bic
336 1154 399 1197 non
422 1144 557 1217 possunt
585 1153 648 1196 non
672 1143 727 1196 aut
749 1133 790 1195 de
819 1133 894 1195 solis
917 1133 1097 1214 legionibus
1119 1133 1199 1213 diei,
1233 1137 1354 1218 qnippe

168 1258 250 1320 quae
273 1237 372 1301 robur
395 1247 501 1300 essent
524 1239 694 1316 exercitus,
719 1247 773 1299 aut
796 1246 882 1298 certe
904 1236 1044 1317 legiones
1069 1237 1354 1318 comprehendere.

166 1345 233 1404 Non
258 1340 457 1404 satisfaciunt
472 1342 670 1421 superiorum
687 1341 827 1418 inventa,
843 1338 1007 1420 Agricolae
1027 1337 1107 1420 sorte
1126 1342 1250 1421 victuri,
1269 1342 1354 1424 quod

168 1444 388 1527 superioribus
410 1442 615 1524 adiungebat,
641 1443 851 1506 Freinshemii
869 1442 950 1524 sorte
974 1445 1045 1522 aeti,
1070 1442 1265 1507 Doederlinii
1284 1445 1354 1528 sor-

168 1557 211 1610 tes
241 1550 330 1626 vieti,
360 1545 558 1628 Bernhardyi
589 1546 670 1629 forte
696 1555 725 1608 et
753 1548 786 1608 vi
813 1547 913 1608 tracti.
960 1545 1118 1627 Equidem
1149 1546 1247 1611 luisse
1277 1561 1354 1631 puto

167 1652 234 1712 Non
258 1658 327 1712 onte
350 1647 472 1730 vieti*).

255 1752 288 1812 C.
315 1749 355 1813 ll
379 1752 456 1813 haec
478 1750 677 1813 referuntur:
720 1752 801 1827 Quin
829 1759 857 1812 et
884 1750 1014 1814 barbari
1040 1756 1226 1835 oomemptim
1256 1772 1354 1838 vapo-

167 1855 291 1933 bantur,
314 1853 476 1936 fabricatis
498 1861 620 1936 repente
641 1853 783 1916 navibus.
832 1855 982 1917 Carnoras
1010 1865 1119 1918 cocant
1145 1858 1224 1919 ortis
1247 1859 1354 1920 lateri-

168 1957 223 2020 bus
246 1958 341 2019 iatam
363 1958 468 2019 duum
491 1958 556 2019 siue
578 1958 698 2019 vinario
720 1959 804 2019 aeris
827 1965 883 2019 aut
901 1956 985 2039 ferri
1005 1978 1164 2039 concnam,
1190 1967 1219 2021 et
1241 1962 1354 2024 tumulo

167 2061 261 2139 mari,
283 2067 377 2140 prout
395 2038 507 2140 {ludtm
523 2060 681 2137 attollitur,
707 2078 827 2121 marma
843 2062 972 2122 nauium
987 2060 1100 2125 tabulis
1116 2071 1238 2146 augent,
1264 2064 1354 2127 ἀααα

168 2164 200 2224 in
222 2161 342 2224 modum
359 2163 427 2225 teeti
440 2161 637 2224 clauduntur.
670 2162 780 2223 Dooeri
796 2162 893 2223 velim
909 2161 1176 2244 quemadmodum
1193 2166 1227 2226 in
1243 2165 1354 2229 eadem

168 2267 241 2326 navi
265 2275 298 2326 et
320 2275 387 2326 arta
409 2266 509 2327 latera
532 2269 564 2326 ‘et
586 2265 648 2326 lata
670 2265 761 2326 alvus
783 2267 885 2327 inesse
909 2268 1041 2345 possint.
1089 2266 1153 2329 Sed
1179 2267 1211 2330 id
1235 2269 1354 2350 depre-

168 2387 232 2448 cor,
258 2387 298 2430 ne
321 2370 395 2449 quis
417 2377 472 2429 ant
494 2367 650 2430 laterado
673 2387 795 2429 summa
817 2369 953 2430 laterum
977 2378 1066 2450 parte
1089 2379 1145 2432 aut
1166 2379 1239 2434 arta
1254 2373 1354 2437 latera

168 2490 270 2552 aquae
293 2472 448 2553 impervia
464 2470 526 2533 diei
544 2473 781 2552 interpretetur.
814 2470 1024 2534 Scribendum
1041 2482 1091 2535 est
1104 2475 1176 2537 altis
1192 2476 1354 2541 luteribus.

128 2632 130 2636 Α
168 2573 280 2637 Strabo
301 2594 342 2639 xr.
368 2576 399 2654 i,
427 2575 465 2636 li
489 2566 578 2636 στενά
600 2574 739 2655 appellat
761 2575 840 2636 baec
869 2576 993 2655 navigia
1022 2575 1063 2638 ad
1085 2579 1222 2658 spatium
1250 2583 1354 2662 respi-

168 2679 255 2740 ciens
286 2677 371 2758 quod
399 2676 623 2758 navigantibus
653 2676 863 2758 praebebant.
916 2677 1020 2740 Verba
1053 2681 1122 2742 eius
1152 2681 1230 2743 haec
1259 2695 1352 2746 sunt:

168 2774 279 2843 ἀκάτια
301 2776 394 2845 λεπτὰ
423 2775 511 2843 στενὰ
543 2775 594 2842 καὶ
622 2783 739 2864 κοῦφα,
771 2771 841 2844 ‘door
874 2773 1050 2866 ἀνθρώπους
1072 2783 1159 2848 πέντε
1181 2780 1232 2847 καὶ
1261 2783 1354 2851 εἴκοσι

170 2880 330 2968 δεχόμενα,
357 2878 479 2946 σπάνιον
496 2881 529 2947 δὲ
550 2878 709 2969 τριάκοντα
725 2881 869 2954 δέξασθαι
890 2877 958 2956 τοὺς
971 2881 1083 2957 πάντας
1100 2881 1270 2971 δυνάμενα·
1300 2915 1354 2955 κα-

169 2981 299 3050 λοῦαι5
328 2982 403 3051 αὐτὰ
426 2987 455 3050 ol
469 2978 618 3072 Ἕλληνες
643 2982 792 3072 καμάρας.

256 3091 289 3151 C.
309 3091 350 3151 56
373 3091 464 3172 plura
487 3091 599 3152 vitiosa
622 3100 696 3152 sunt
719 3091 752 3152 in
770 3091 819 3151 his
834 3089 958 3152 verbis:
986 3093 1066 3153 Nom
1088 3113 1156 3155 uem
1179 3099 1354 3180 transgredi

168 3190 361 3274 Apenninum
383 3197 498 3277 intepro
522 3195 677 3256 euerritur
699 3195 751 3256 sui
771 3193 878 3255 robore
905 3203 933 3256 et
951 3193 1050 3275 fessos
1072 3195 1165 3258 bieme
1194 3207 1285 3280 atqose
1308 3202 1354 3264 in-

169 3298 241 3378 opia
262 3296 360 3359 hostes
383 3297 514 3379 adgredi
535 3299 567 3358 in
589 3304 692 3378 operto
712 3295 807 3378 foret,
840 3296 913 3358 dum
935 3297 1081 3381 dispergit
1103 3302 1200 3380 uires,
1235 3307 1354 3368 acerri-

170 3417 252 3460 mum
274 3400 397 3462 militem
419 3407 449 3461 et
469 3418 564 3482 usque
586 3402 618 3462 in
640 3407 781 3461 entremo
803 3399 984 3463 obstinatum
999 3402 1215 3466 trucidandum
1230 3410 1354 3488 eapien-

169 3501 298 3583 dumque
336 3502 479 3582 tradedit,
511 3504 707 3583 peritissimis
740 3504 949 3565 centurionum
977 3504 1223 3570 dissentientibus
1252 3518 1299 3589 et,
1332 3531 1354 3575 si

170 3605 409 3685 consulerentur,
434 3624 510 3667 vera
532 3605 671 3667 dicturis.
711 3607 849 3668 Primum
873 3609 957 3668 enim
981 3626 1042 3669 non
1058 3609 1205 3671 Vitellius
1228 3610 1354 3694 disper-

170 3706 266 3787 gebat
287 3708 413 3787 milites,
440 3727 535 3789 quem
558 3727 585 3769 c.
605 3708 644 3768 55
669 3709 803 3770 relatum
826 3719 875 3771 est
897 3719 942 3771 tot
964 3711 1051 3772 milia
1073 3722 1264 3776 armatorum
1280 3737 1354 3780 con-

170 3809 312 3890 duxisse,
337 3820 373 3872 ut
396 3810 560 3873 inferendo
583 3830 711 3892 quoque
734 3811 817 3873 bello
840 3814 916 3874 satis
938 3813 1102 3893 pollerent.
1137 3815 1247 3896 Neque
1270 3831 1354 3882 recte

171 3914 309 3975 Savilius
331 3933 404 3976 eum
427 3924 550 3994 partem
573 3933 680 3976 secum
704 3916 736 3975 in
760 3914 872 3976 urbem
896 3915 1061 3978 reduxisse
1085 3928 1202 3993 narrat,
1228 3919 1269 3983 de
1294 3940 1354 4002 qua

171 4034 206 4077 re
228 4017 308 4077 nibil
330 4018 471 4096 Tacitus,
503 4026 558 4079 aut
586 4017 664 4080 haec
692 4016 732 4079 ad
761 4038 797 4079 ea
826 4017 924 4080 refert
947 4038 1028 4099 quae
1052 4040 1079 4080 c.
1105 4021 1145 4080 58
1169 4022 1354 4087 traduntur.

171 4120 248 4180 Nam
271 4119 356 4200 quod
377 4121 523 4182 Vitellius
552 4121 680 4183 fratrem
710 4141 781 4183 eum
811 4141 867 4184 sex
897 4122 1077 4184 cohortibus
1108 4134 1139 4186 et
1172 4127 1354 4208 quingentis

171 4221 334 4302 equitibus
358 4225 518 4304 ingruenti
541 4243 599 4304 per
622 4224 824 4304 Campaniam
855 4223 938 4286 bello
965 4227 1129 4306 opposuit,
1161 4246 1222 4289 non
1253 4241 1354 4310 potest

239 4441 265 4509 ⁴)
287 4444 326 4510 [ln
344 4448 453 4497 editione
472 4448 507 4498 N.
526 4449 622 4509 recepit
643 4447 760 4498 Urlielsii
777 4446 860 4499 fortes
879 4449 992 4513 invicti]
