3068 5114
127 1605 350 1676 VARIARUM
372 1605 741 1675 OBSERVATIONUM
765 1603 1069 1690 ANTIQUITATIS
1097 1605 1312 1677 ROMANAE

624 1790 748 1852 CAPUT
774 1791 810 1850 11.

126 1963 219 2025 <Index
238 1964 394 2014 scholarum
413 1967 578 2014 aestivamm
597 1964 625 2012 in
644 1963 821 2012 universitate
840 1962 992 2013 litterarum
1012 1965 1119 2015 lenensi
1140 1979 1164 2016 a.
1180 1980 1313 2017 uccccxxu

612 2064 820 2125 habendarum.)

211 2215 350 2320 Libera
379 2275 431 2318 res
454 2257 580 2337 publica
602 2275 683 2336 quae
707 2255 748 2318 ad
770 2267 973 2337 quaesturam
1001 2238 1240 2338 adipiscendam
1264 2261 1312 2322 le·
1365 2291 1368 2297 ·

123 2359 216 2439 gibus
231 2361 322 2421 Villia
345 2367 376 2420 et
392 2359 538 2420 Cornelia
562 2360 753 2438 requisierit,
779 2360 811 2419 in
829 2358 911 2419 libro
933 2359 973 2422 de
995 2359 1120 2440 legibus
1142 2361 1311 2423 annalibus

124 2461 198 2524 inde
221 2483 240 2523 a
261 2483 294 2543 p.
320 2464 338 2522 8
363 2461 528 2541 usquead
552 2463 591 2522 23
617 2462 765 2546 exposui3
793 2460 849 2522 ubi
871 2460 956 2541 quod
979 2482 1011 2541 p.
1035 2463 1074 2521 48
1098 2461 1226 2525 tabulae
1249 2465 1312 2525 He-

124 2564 294 2626 racleensis
323 2563 470 2626 versibus
493 2566 532 2626 90
565 2574 596 2625 et
621 2565 680 2624 i00
709 2564 755 2639 (C.
774 2565 797 2624 1.
816 2566 849 2624 L.
876 2583 897 2624 r.
925 2565 998 2625 iii.
1026 2566 1096 2645 422]
1130 2576 1203 2628 ante
1233 2568 1313 2629 nicei

123 2669 193 2749 quei
218 2666 317 2729 verba
345 2686 419 2728 neve
447 2669 518 2748 quei
544 2669 645 2728 maior
673 2685 770 2728 33333
792 2688 852 2728 rm
876 2674 968 2729 notus
996 2675 1040 2730 est
1068 2669 1126 2729 erit
1154 2668 1310 2731 excidisse

123 2771 234 2848 statui,
261 2770 366 2849 potins
389 2788 463 2831 cece
485 2771 556 2851 quei
577 2777 867 2831 concomitatur
890 2777 935 2831 cst
956 2771 1014 2831 erit
1036 2769 1183 2849 ponenda
1205 2781 1308 2832 erant.

123 2872 300 2951 Augustum
328 2883 452 2950 antem,
491 2891 561 2934 cum
592 2882 783 2952 quaesturae
814 2891 932 2934 annum
961 2874 1073 2934 aetatis
1103 2875 1249 2953 quintum
1279 2882 1311 2935 et

123 2976 309 3036 vicesimum
332 2976 548 3053 constitueret,
575 2994 637 3035 non
653 2975 712 3035 hac
732 2993 795 3035 una
818 2995 852 3037 re
869 2985 1051 3037 contentum
1067 2974 1166 3037 fuisse
1183 2975 1308 3053 docent,

123 3096 204 3157 quae
228 3079 354 3139 Tacitus
377 3076 541 3138 refertur.
564 3079 615 3156 29,
642 3076 815 3152 Tiberium,
841 3097 912 3139 cum
936 3079 1102 3155 Neronem,
1130 3077 1310 3139 Germanici

123 3180 233 3259 filium,
260 3179 405 3260 patribus
428 3178 677 3257 commendaret,
704 3179 745 3240 ab
767 3181 817 3241 his
840 3180 1028 3260 postulasse,
1055 3188 1090 3242 ot
1110 3199 1235 3241 mune-rc
1256 3200 1310 3242 co-

120 3282 264 3362 pessendi
290 3283 518 3364 viqtctivirctuo
546 3283 715 3344 solveretur
744 3290 772 3343 et
798 3284 1001 3364 quinquennio
1034 3285 1188 3345 mattarios
1218 3301 1310 3364 quom

118 3403 176 3464 per
198 3385 277 3466 lepos
299 3393 497 3466 quaesturam
516 3392 639 3466 peteret.
688 3385 798 3464 Neque
827 3394 932 3447 tamen
964 3384 1111 3447 omnibus
1141 3384 1181 3447 ad
1211 3404 1310 3465 quae-

122 3495 241 3548 sturam
264 3485 504 3566 adipiscendam
527 3487 743 3566 vigintiviratu
773 3485 971 3566 iungendum
998 3487 1113 3568 (neque
1142 3488 1199 3548 hoc
1227 3489 1311 3550 inest

123 3590 155 3650 in
178 3589 276 3650 Taciti
299 3588 431 3669 verbis),
465 3587 522 3650 sed
545 3588 629 3651 idem
653 3589 703 3650 ius
727 3588 824 3650 inisse
847 3591 904 3667 iis,
937 3590 992 3669 qni
1021 3588 1143 3650 tribuni
1173 3591 1309 3651 militum

123 3702 178 3753 aut
193 3691 345 3771 praefecti
369 3690 529 3771 stipendia
548 3690 706 3769 iecissent,
735 3690 998 3770 inscriptionibus
1014 3691 1222 3754 demonstrari
1247 3694 1309 3753 iam

121 3794 162 3856 ad
185 3796 274 3855 illum
298 3794 397 3855 Taciti
420 3793 522 3855 locum
545 3795 578 3854 in
602 3793 741 3855 editione
765 3795 876 3873 quinta
898 3795 1058 3855 annotavi.
1107 3793 1230 3867 Quibus
1253 3795 1311 3856 do-

123 3915 232 3958 cemur
254 3896 432 3976 plerosque,
460 3897 515 3974 qui
538 3896 672 3956 maiores
696 3895 830 3957 honores
853 3897 984 3976 petituri
1007 3906 1122 3974 essent,
1150 3907 1181 3957 et
1204 3897 1310 3976 vigin-

121 4001 251 4060 tiviratu
275 3980 306 4058 et
328 4016 461 4059 munere
485 3997 610 4058 militari
629 3996 716 4078 iungi
738 3997 856 4074 solitos,
881 3997 970 4058 velut
986 3998 1155 4058 Orellianis
1177 4007 1208 4058 et
1223 3999 1310 4058 Hen-

123 4103 264 4162 zenianis
288 4101 360 4161 433.
388 4101 447 4159 693
479 4098 529 4178 (de
552 4118 613 4178 qua
637 4099 702 4161 vid.
728 4102 867 4160 Hennen.
894 4119 927 4179 p.
949 4100 1015 4181 66).
1042 4098 1101 4159 773
1132 4100 1214 4178 (cum
1236 4109 1309 4161 nota

114 4188 262 4265 'uenient
285 4224 317 4283 p.
337 4202 403 4282 33).
452 4203 525 4263 saa.
552 4204 626 4263 ooo.
653 4201 748 4263 3373.
774 4202 875 4265 carr.
900 4201 983 4262 3333
1011 4199 1064 4282 (=
1086 4200 1181 4277 orco,
1208 4203 1304 4262 nenz.

122 4328 153 4387 p.
174 4307 261 4381 ooo).
309 4306 404 4368 asro.
431 4304 527 4366 3333.
552 4306 648 4365 son.
674 4306 770 4366 3333.
796 4305 891 4364 atro.
917 4304 1000 4363 aros
1025 4303 1069 4383 (o.
1090 4304 1113 4363 1.
1132 4301 1186 4363 cr.
1210 4304 1304 4364 3333.

123 4409 231 4487 coar).
250 4406 345 4467 3333.
364 4409 459 4469 orso.
486 4409 583 4468 3333.
609 4408 704 4469 aoso.
731 4406 827 4466 3333.
854 4405 949 4466 3333.
976 4406 1071 4469 roca.
1090 4404 1185 4468 cmo.
1209 4405 1304 4467 3333.
