3076 5122
275 352 350 424 514
658 368 813 428 Virunum
836 385 1080 430 oasnnvrrroruu

276 565 309 616 et
334 557 452 616 Barcae
475 556 597 633 Sorani,
623 573 718 635 quem
742 557 772 616 ei
796 557 989 619 successisse
1012 555 1263 636 probabileest,
1288 556 1330 619 ad
1353 558 1393 618 65
1420 577 1473 619 33-

280 659 351 720 1311.
400 658 504 719 Ρ31133
527 658 560 718 hi
583 659 676 719 annis
700 659 738 718 63
763 660 856 719 3161
880 657 974 720 Asiae
998 658 1174 739 praefuisse
1198 660 1349 722 censendi
1373 670 1468 722 sunt:

282 778 389 840 neque
412 761 498 821 enim
515 761 575 821 iam
592 762 721 839 Barcae,
747 780 819 822 oum
836 762 904 842 ipse
926 764 1065 822 333366
1083 781 1123 823 ex
1139 764 1361 850 proconsulatu
1377 762 1473 825 Asiae

278 873 457 942 accusatus,
475 862 609 925 Acratus
631 873 748 942 autem,
774 865 825 925 cui
849 884 912 925 non
933 863 1122 926 subvenisse
1146 867 1178 925 in
1195 864 1268 926 Asia
1291 867 1320 928 ei
1344 866 1474 928 crimini

281 965 426 1045 dabatur,
451 976 524 1027 ante
547 985 665 1028 annum
683 967 735 1045 61,
760 975 797 1028 31
818 968 936 1046 monui,
962 969 1078 1029 missus
1101 987 1164 1029 non
1187 970 1238 1047 sit,
1264 968 1473 1031 3113333333

280 1079 411 1149 praeter
434 1069 473 1128 61
498 1067 597 1130 tribui
619 1078 735 1149 potest,
760 1088 865 1149 neque
888 1071 995 1130 Veteri
1019 1079 1104 1130 certe
1126 1089 1209 1131 anno
1233 1072 1271 1132 63
1296 1072 1468 1151 posterior;

279 1173 335 1251 qui
359 1191 432 1233 cum
455 1190 538 1232 anno
562 1172 601 1231 65
625 1181 790 1233 333333133
813 1174 864 1251 311,
890 1171 931 1232 ab
955 1173 1013 1234 hoc
1035 1192 1098 1234 non
1122 1174 1245 1254 longius
1253 1221 1261 1251 ,
1293 1192 1387 1253 quam
1411 1193 1473 1236 ne-

278 1293 367 1336 cesse
397 1285 462 1354 est,
499 1275 753 1355 proconsulatum
789 1276 859 1336 eius
893 1275 1178 1359 removebimus*).
1240 1277 1329 1350 Quod
1362 1288 1470 1340 autem

280 1377 471 1455 Borghesius
486 1377 627 1457 Operum
650 1395 690 1438 rr.
710 1376 771 1438 535
795 1378 905 1438 statuit
928 1377 1002 1440 inde
1026 1378 1187 1440 aTiberio
1210 1381 1471 1460 proconsulatum

278 1477 402 1539 Africae
426 1489 458 1540 et
479 1478 573 1540 Asiae
599 1498 660 1540 non
684 1482 774 1559 prius
796 1498 891 1558 quam
915 1479 1025 1541 decem
1048 1491 1119 1560 post
1149 1482 1344 1543 consulatum
1376 1484 1471 1543 33313

279 1579 388 1642 datum
411 1600 491 1660 esse,
516 1600 580 1642 non
603 1590 688 1642 certa
711 1581 763 1642 lex
786 1580 927 1662 putanda
950 1593 1015 1660 est,
1041 1582 1099 1644 sed
1121 1602 1155 1644 re
1179 1585 1245 1662 ipsa
1269 1595 1301 1646 et
1324 1586 1386 1646 iarn
1412 1605 1471 1646 ex-

250 1685 389 1745 otremis
411 1682 544 1762 Augusti
575 1682 772 1764 temporibus
800 1670 975 1762 effectum,'
1010 1704 1082 1746 cum
1111 1695 1202 1747 aucto
1230 1705 1289 1766 per
1318 1689 1471 1749 suffectos

279 1787 492 1847 consularium
515 1805 649 1847 numero
672 1795 703 1847 et
726 1785 916 1865 quibusdam
940 1805 1000 1867 per
1022 1788 1125 1866 legem
1149 1789 1275 1868 Papiam
1292 1790 1471 1870 Poppaeam

279 1889 330 1947 vel
354 1887 393 1948 ob
416 1889 493 1950 alias
516 1907 625 1950 causas
648 1889 787 1968 plurium
815 1908 971 1950 annorum
1001 1889 1274 1951 administratione
1303 1910 1468 1970 concessa,

277 1991 370 2052 cuius
393 1992 468 2052 satis
496 1992 594 2052 multa
618 1992 763 2072 exempla
787 2002 879 2071 sunt,
911 1991 950 2053 ad
974 2012 1150 2072 perpaucos
1180 1995 1360 2056 consulares
1392 1994 1470 2056 ordo

276 2095 371 2155 sortis
389 2095 484 2174 prius
506 2096 708 2174 perveniret:
735 2095 836 2174 legem
857 2093 985 2174 quidem
1010 2096 1096 2156 33113
1119 2114 1212 2157 causa
1235 2107 1293 2174 est,
1320 2116 1385 2177 quo
1408 2099 1472 2158 mi-

278 2216 338 2258 nus
361 2196 495 2259 eandem
519 2199 672 2258 mansisse
696 2197 879 2276 credamus,
906 2216 1000 2276 quam
1023 2197 1200 2278 Augustum
1224 2201 1367 2260 sanxisse
1393 2201 1472 2262 Cas-

276 2302 344 2362 sius
367 2301 423 2361 1113
446 2319 509 2361 uu.
531 2303 567 2361 11
592 2310 782 2378 auctorest,
809 2320 850 2362 ne
866 2311 1029 2379 praetores
1053 2312 1085 2361 et
1107 2302 1251 2363 consules
1273 2312 1347 2362 ante
1373 2305 1472 2383 quin-

276 2404 454 2483 quennium
469 2405 651 2484 provincias
666 2403 774 2482 populi
789 2404 919 2464 Romani
936 2405 1136 2464 sortirentur.
1170 2404 1262 2465 Certe
1278 2406 1318 2465 M.
1336 2407 1471 2467 Furium

277 2506 442 2567 Camillum
465 2506 626 2567 consulem
657 2507 794 2584 33318,
826 2525 939 2567 novem
968 2507 1060 2566 annis
1090 2517 1175 2586 post,
1207 2526 1289 2568 anno
1315 2508 1366 2586 17,
1394 2529 1473 2590 pro-

276 2611 437 2671 consulem
459 2608 604 2688 3131333,
631 2606 688 2689 <111.
715 2610 840 2670 lunium
864 2609 1006 2669 Silanum
1030 2611 1188 2670 consulem
1212 2611 1286 2670 anni
1311 2612 1371 2690 16,
1397 2623 1470 2674 3313

275 2713 368 2773 33313
396 2722 483 2791 post,
509 2713 672 2788 333351,
699 2712 917 2791 proconsulem
940 2710 1051 2793 Asiae>
1077 2712 1174 2773 luisse
1202 2732 1241 2772 ex
1263 2714 1336 2774 Tac.
1364 2733 1398 2774 3.
1427 2716 1470 2777 52

277 2809 356 2899 (xiii.
384 2813 421 2913 ⁴>
445 2824 583 2889 constat3
617 2833 721 2894 neque
745 2808 974 2875 L.'Antistium
998 2816 1160 2893 Veterem,
1187 2816 1241 2894 qui
1271 2817 1384 2878 consul
1411 2817 1471 2879 luit
1503 2832 1512 2849 ⁴

275 2935 359 2977 anno
383 2916 434 2995 55,
461 2918 600 2997 longiore
631 2917 797 2978 intervallo
821 2936 915 2997 quam
939 2927 1007 2979 octo
1036 2936 1191 2978 annorum
1213 2916 1319 2978 Asiam
1346 2923 1470 2984 rexisse

278 3019 368 3080 modo
387 3020 685 3082 demonstravimus.
734 3019 918 3080 Cuiusmodi
940 3019 1085 3080 breviora
1110 3021 1275 3081 intervalla
1299 3021 1377 3084 inde
1402 3035 1470 3086 orta

276 3121 441 3203 probabile
465 3132 528 3201 est,
556 3121 640 3200 quod
670 3141 731 3183 non
763 3140 833 3183 raro
864 3123 1002 3182 minores
1025 3122 1207 3183 consulares
1229 3125 1470 3204 antiquioribus

275 3245 316 3286 ex
340 3226 409 3305 lege
434 3227 526 3305 Papia
550 3227 694 3304 Poppaea
716 3225 766 3285 vel
789 3225 859 3284 aliis
882 3224 922 3285 de
946 3226 1049 3286 causis
1076 3227 1108 3284 in
1138 3224 1311 3287 sortiendis
1335 3232 1472 3308 provin-

275 3329 333 3388 ciis
349 3327 637 3408 praeponebantur,
664 3329 753 3388 cuius
771 3328 816 3387 rei
833 3328 975 3407 excrnpla
994 3347 1033 3388 cx
1049 3328 1153 3388 Tacito
1170 3330 1259 3407 posui
1281 3328 1322 3389 ad
1339 3349 1387 3391 ur.
1408 3333 1466 3408 323

275 3449 358 3509 quae
381 3430 492 3491 eadem
516 3449 566 3491 res
586 3431 700 3507 effecit,
725 3439 760 3490 ut
774 3430 826 3490 alii
843 3431 925 3490 31133
938 3429 1127 3490 decennium
1151 3431 1363 3510 reicerentur,
1381 3436 1471 3496 velut

275 3535 314 3593 Μ.
336 3533 471 3613 Lepidus
495 3543 526 3593 31
548 3533 669 3593 Manius
691 3531 847 3612 Lepidus,
880 3533 1025 3593 consules
1055 3551 1210 3593 annorum
1234 3535 1251 3591 6
1276 3544 1309 3594 31
1335 3536 1391 3615 11,
1420 3539 1471 3600 1113

274 3655 358 3696 3333
375 3636 427 3712 il,
447 3635 498 3695 hic
513 3637 571 3714 16,
598 3633 781 3714 quindecim
797 3633 875 3695 adeo
891 3645 961 3714 post
982 3635 1177 3695 consulatum
1200 3637 1304 3714 annis,
1331 3658 1473 3717 procon-

275 3739 362 3800 sules
376 3736 470 3798 Asiae
488 3737 626 3811 luerunt,
645 3747 681 3797 ut
696 3736 736 3798 ad
753 3736 892 3797 eundem
909 3738 1005 3797 Taciti
1021 3738 1123 3797 locum
1139 3736 1245 3797 docuit
1261 3739 1472 3825 BorghesiuS,

274 3850 307 3902 et
330 3841 363 3901 C.
391 3839 525 3919 Galbae,
562 3839 649 3900 frat-ri
679 3840 893 3917 imperatoris,
927 3841 1047 3901 consuli
1077 3841 1152 3900 anni
1177 3841 1232 3915 22,
1260 3860 1341 3903 suus
1368 3864 1476 3920 annus

273 3943 427 4004 sortiendi
444 3944 682 4023 proconsulatus
699 3941 759 4003 suit
777 3942 817 4001 36
835 3962 866 4022 p.
886 3942 942 4004 Ch.
966 3944 1046 4022 (Tac.
1065 3962 1104 4002 31.
1126 3944 1176 4002 t0.
1196 3944 1283 4005 Suet.
1304 3945 1406 4012 6311).
1426 3953 1471 4033 3).

345 4215 369 4272 *l
393 4215 542 4278 [Dic‘ersam
559 4217 676 4266 ordinem
703 4216 909 4279 Waddinptoaus
927 4219 953 4265 in
974 4217 1057 4266 Fastis
1073 4220 1271 4278 provinciaram
1291 4220 1481 4279 Asiaticorum

273 4314 301 4362 p.
324 4306 427 4363 15133.
448 4304 549 4360 statuit,
569 4305 613 4363 cui
630 4316 656 4351 3.
679 4299 756 4367 triti
775 4304 875 4352 Barcae
895 4303 1003 4362 Sorano,
1025 4303 1102 4368 12161
1120 4304 1289 4364 1613333333,
1313 4307 1482 4374 33133331.

274 4389 316 4435 cio
334 4387 441 4446 Titiano,
458 4387 650 4452 6116113113113
662 4388 743 4437 Veteri
756 4389 858 4438 tribuit:
873 4389 936 4437 nibil
948 4393 1065 4438 moratas
1078 4388 1253 4452 difficultatem
1267 4393 1296 4439 in
1310 4407 1483 4454 quamam,

273 4485 345 4521 anno
357 4473 492 4536 Apricoiae
504 4472 637 4535 positam]
