3068 5114
646 348 678 408 lu
703 347 852 409 conuento
875 348 992 409 Nueoru

762 1570 869 1667 uun

297 1855 391 1966 Con.
419 1902 448 1980 t,
476 1902 504 1981 4,
531 1899 587 1963 ubi
611 1902 641 1962 in
666 1901 772 1963 codice
796 1902 966 1985 archetypo
989 1903 1066 1963 haec
1088 1901 1292 1981 legebantur:
1329 1906 1408 1967 Nom

226 2011 254 2064 et
280 2011 407 2083 praetor
432 2003 622 2085 pedestribus
656 2003 840 2066 emerce'tibus
872 2005 1010 2086 praefuit
1038 2011 1065 2066 et
1096 2004 1269 2085 praefectus
1299 2007 1409 2069 classis

226 2087 353 2190 suppos
380 2110 461 2169 inuri
479 2110 589 2190 pessit,
617 2109 648 2169 iu
671 2110 834 2190 spicilegio
855 2111 960 2189 priore
982 2128 1014 2189 p.
1033 2110 1071 2169 40
1093 2110 1200 2190 [supro
1222 2129 1253 2190 p.
1271 2109 1325 2191 47]
1358 2128 1408 2171 res

226 2210 400 2273 secundum
424 2213 551 2292 Nepotis
574 2212 835 2274 consuetudinem
866 2232 928 2274 non
957 2233 1028 2274 cum
1056 2213 1216 2292 plerisque
1247 2212 1409 2275 codicibus

225 2324 309 2396 ente,
327 2314 383 2376 sed
400 2326 469 2396 post
484 2335 612 2398 uiopuos
627 2315 808 2378 addendum
828 2316 894 2378 dixi
912 2316 1007 2397 idque
1025 2317 1056 2376 in
1080 2315 1216 2378 editione
1232 2318 1306 2378 anni
1325 2319 1407 2378 4867

225 2419 323 2480 tenui.
360 2419 522 2500 Exemplis
544 2438 581 2481 eo
597 2420 663 2481 loco
685 2440 702 2480 a
725 2440 774 2481 me
798 2420 899 2481 uitatis
920 2418 1001 2481 addo
1017 2420 1105 2480 Hom.
1124 2421 1154 2498 4,
1175 2420 1186 2478 4
1208 2438 1336 2501 mopsos
1358 2439 1408 2481 res

225 2521 358 2582 secunda
372 2524 464 2604 pessit
475 2521 621 2604 fortuna,
647 2524 737 2584 Eum.
756 2525 786 2602 7,
806 2525 824 2585 2
844 2531 877 2584 ut
898 2523 941 2585 ibi
962 2522 998 2584 de
1019 2524 1145 2584 summis
1167 2521 1259 2584 rebus
1281 2524 1407 2585 consitio

224 2633 418 2705 cuperentur,
446 2625 495 2704 to,
522 2627 539 2686 3
564 2645 631 2687 cum
654 2625 761 2706 quibus
784 2629 813 2687 ei
833 2627 869 2687 de
891 2627 1017 2688 summis
1045 2624 1136 2686 rebus
1165 2638 1231 2686 erot
1258 2624 1408 2687 diuu'cou-

225 2727 308 2808 dunt.
354 2730 470 2788 Tatiien
494 2739 526 2788 et
549 2728 663 2790 Chobi.
690 2731 721 2808 2,
747 2731 764 2788 3
795 2748 863 2790 cum
894 2731 925 2790 iu
955 2748 989 2789 re
1016 2729 1105 2790 uuita
1126 2725 1264 2810 Apesitoo
1293 2728 1409 2789 cederet

226 2841 257 2891 et
279 2832 371 2893 Eum.
398 2835 428 2910 9,
455 2833 473 2894 2
497 2832 632 2894 omuibus
656 2832 850 2894 titubantibus
874 2841 901 2894 et
923 2832 959 2893 de
981 2832 1072 2893 rebus
1094 2833 1219 2893 seuumis
1242 2832 1409 2912 desperau-

226 2933 304 2996 tibus
326 2945 358 2996 et
381 2936 468 2995 Hom.
494 2936 525 3014 3,
553 2938 570 2995 3
603 2955 708 3016 resque
741 2956 868 3020 mctvpuos
900 2938 992 3019 pessit
1024 2936 1151 3015 legitur.
1207 2936 1269 2996 luni
1302 2946 1408 2996 outein

227 3037 304 3099 illud
328 3038 514 3100 vocabulum
538 3041 643 3119 potius
666 3052 735 3121 post
756 3043 839 3102 muri
858 3038 1060 3102 adiciendum
1083 3049 1177 3120 puto,
1210 3041 1283 3119 quio
1307 3050 1337 3100 et
1361 3039 1408 3099 ia-

226 3142 318 3203 cilius
341 3162 377 3204 eo
400 3143 465 3203 ioco
487 3143 654 3205 excidebat
676 3156 708 3205 et
729 3147 820 3222 moui,
847 3142 932 3224 quod
958 3144 1127 3224 opponitur
1145 3142 1337 3223 pedestribus
1359 3163 1409 3204 co-

223 3247 295 3326 piis,
321 3247 406 3307 inter
428 3265 555 3328 mopsus
577 3266 627 3308 ces
652 3248 850 3309 interiectum
874 3248 992 3308 maiore
1015 3248 1045 3306 vi
1070 3247 1211 3308 effectur.

311 3350 402 3410 Dion.
429 3353 459 3429 9,
486 3353 503 3410 4
528 3349 566 3412 At
589 3352 644 3425 itti,
670 3359 702 3412 ut
725 3353 814 3412 timeo
837 3352 902 3412 eius
925 3353 1096 3428 iutrorout,
1120 3349 1240 3431 foribus
1263 3349 1408 3411 obseratis

227 3455 257 3513 iu
291 3454 363 3514 tecto
396 3453 551 3515 cubantem
587 3454 746 3514 inuadunt.
800 3454 1022 3515 Fleckeisenus
1052 3455 1084 3513 in
1108 3454 1255 3532 Philoiogi
1280 3472 1319 3514 iv.
1345 3455 1407 3513 343

226 3559 291 3617 eius
314 3576 384 3617 cuui
408 3555 546 3617 editione
563 3557 763 3617 Ultraiectino
780 3556 952 3618 delendum
975 3567 1028 3618 aut
1052 3557 1084 3616 in
1108 3557 1259 3617 couctuuis
1283 3567 1409 3617 muton-

226 3657 301 3720 dum
325 3668 379 3720 out
396 3659 452 3719 hoo
467 3657 655 3720 vocobulum
678 3659 880 3722 adiciendum
898 3662 1031 3738 censuit,
1059 3660 1131 3739 quia
1148 3660 1238 3719 b'meu
1261 3658 1409 3719 adiuncto

226 3762 371 3837 genetivo
400 3781 554 3842 personae
583 3781 675 3823 nemo
706 3764 870 3842 posuisset.
918 3760 958 3824 At
987 3760 1067 3823 dixit
1097 3762 1203 3822 Livius
1230 3781 1262 3822 u.
1290 3764 1340 3841 48,
1369 3763 1406 3822 40

227 3865 305 3924 iussi
325 3868 440 3926 armati
456 3873 577 3945 postero
595 3865 643 3927 die
666 3865 707 3926 od
722 3866 812 3926 timeo
828 3865 961 3926 consutis
976 3865 1101 3939 odesse;
1120 3865 1276 3943 Vergilius
1293 3864 1406 3942 Geoug.

228 3984 259 4025 u.
287 3967 346 4027 504
375 3976 537 4047 penetrant
565 3970 654 4030 auios
684 3977 710 4029 et
740 3969 847 4030 teittiua
867 3988 989 4051 sepum,
1015 3969 1095 4029 Aen.
1122 3987 1155 4028 u.
1181 3969 1242 4027 365
1266 3970 1407 4050 uetipiosu

227 4068 350 4129 deorum
373 4071 494 4150 limina,
522 4091 563 4132 vi.
593 4072 651 4132 tib
682 4080 735 4133 tuo
758 4073 864 4132 ii'tuiuu
887 4072 1025 4145 udiceui;
1061 4072 1205 4131 Horatius
1230 4072 1304 4150 Epo.
1333 4073 1363 4148 ’2,
1390 4074 1405 4130 7

227 4172 359 4251 superbo
389 4177 499 4235 ciuium
528 4177 728 4255 potentio-tutu
759 4176 884 4249 limene·
914 4175 1049 4236 Ovidius
1073 4176 1158 4234 lieni.
1186 4175 1247 4234 785
1271 4174 1410 4234 ‹ioiiu'uue

298 4484 322 4545 *5
346 4483 439 4544 [tuideo
457 4487 535 4534 sebui.
556 4493 619 4537 uest.
641 4504 665 4536 u.
689 4493 775 4551 etet..
