3068 5114
348 327 397 400 20
766 341 797 400 Ιιι
821 340 972 401 Cossutio
994 339 1110 399 Nmorr

347 530 388 592 ad
410 531 521 592 lustin.
547 549 580 589 ιι.
609 529 658 607 l3,
684 530 703 588 5
732 529 793 590 alia
823 529 966 608 exempla
1001 529 1204 607 antiquorum
1239 529 1429 607 scriptorum
1463 547 1527 589 non

347 635 538 711 attulerunt,
574 635 635 694 nisi
665 632 750 712 quod
779 633 955 694 Beneekius
988 643 1170 712 corruptum
1201 632 1302 692 lucum
1326 631 1470 692 Caesaris
1492 631 1526 692 b.

347 739 408 798 cir.
434 756 480 797 ιιι.
505 737 558 814 35,
582 736 594 794 l
622 737 888 813 commemoravit,
913 736 969 814 qui
992 734 1147 814 quomedo
1169 733 1377 814 corrigendus
1399 733 1529 795 videre.-

348 849 400 900 tur
423 840 455 899 in
479 838 611 899 Caesare
635 857 703 898 meo
725 836 804 899 dixi.
851 838 914 897 lam
938 839 1065 918 Nepotis
1088 839 1169 916 loco,
1203 857 1307 917 aquo
1329 838 1414 900 hunc
1437 836 1530 897 abla-

347 944 404 1003 tivi
428 962 520 1003 usum
543 960 606 1003 non
628 943 736 1003 minus
757 942 895 1002 alienum
920 960 1099 1021 essequam
1122 961 1139 1002 a
1163 943 1297 1021 reliquis
1311 941 1402 1002 honis
1418 951 1530 1002 aucto-

348 1045 437 1107 ribus
459 1054 580 1106 certum
599 1055 657 1124 est,
683 1064 792 1106 omnes
811 1044 876 1105 lere
892 1043 1065 1105 deteriores
1087 1044 1211 1106 codices
1233 1046 1332 1105 secuti
1351 1043 1533 1105 Chersonesi

346 1147 528 1209 ediderunt.
575 1148 649 1208 ttihi
682 1148 802 1208 leniore
836 1149 1008 1208 mutatione
1043 1151 1074 1208 in
1103 1159 1174 1228 post
1201 1168 1272 1209 nom
1302 1146 1395 1208 adiici
1421 1149 1529 1207 visum

347 1261 405 1312 est.
451 1250 563 1331 Aqua
591 1252 783 1312 correctione
812 1251 897 1330 quod
925 1249 1088 1313 deterrere
1117 1273 1168 1313 me
1195 1263 1335 1332 poterat,
1367 1271 1444 1311 usus
1473 1251 1529 1311 ille

347 1356 475 1435 Nepotis
508 1355 540 1414 in
570 1355 723 1434 particula
750 1374 823 1414 nem
851 1353 1013 1415 vocalibus
1046 1354 1267 1435 praeponenda
1295 1354 1336 1415 de
1364 1373 1427 1434 quo
1456 1362 1530 1434 post

346 1457 636 1519 Lieherkuehnium
660 1460 691 1519 in
715 1459 916 1519 annotatione
939 1457 980 1519 ad
1003 1458 1087 1520 hunc
1110 1459 1211 1520 locum
1234 1458 1311 1519 edit,
1330 1479 1361 1538 p.
1382 1456 1420 1517 ll
1443 1456 1526 1535 dixi,

346 1561 386 1622 de
410 1581 446 1621 eo
468 1563 495 1623 si
519 1562 656 1641 quisita
679 1571 795 1622 statuet
818 1572 853 1624 ut
875 1561 1022 1622 omnihus
1044 1562 1120 1623 locis
1139 1562 1256 1642 quihus
1271 1562 1388 1622 vocalis
1409 1579 1529 1641 sequa-

347 1675 398 1726 tur
427 1675 553 1745 praeter
585 1685 638 1726 eos
671 1665 789 1746 quibus
819 1666 990 1746 particulae
1019 1673 1046 1726 et
1067 1674 1160 1727 —ct
1188 1667 1332 1746 legantur
1364 1684 1435 1725 nam
1470 1685 1528 1744 pro

346 1787 475 1848 nomque
504 1768 683 1830 alibrariis
713 1770 833 1830 illatum
862 1779 967 1849 putet,
1003 1768 1087 1848 quod
1123 1770 1217 1849 paulo
1251 1768 1402 1830 audacius
1429 1769 1527 1828 statui

347 1873 485 1950 videtur,
511 1893 582 1934 cum
599 1883 663 1934 tam
686 1876 798 1955 exigua
815 1895 888 1954 pars
904 1873 1054 1938 librorum
1072 1874 1207 1935 Cornelii
1223 1875 1351 1954 Nepotis
1373 1873 1525 1952 supersit,

347 1975 404 2036 sed
426 1986 531 2037 tamen
554 1978 580 2036 si
604 1979 678 2056 quis
701 1979 742 2038 ita
765 1988 894 2055 statuet,
919 1997 981 2038 non
1005 1979 1111 2038 minus
1133 1978 1191 2038 hoc
1212 1978 1278 2037 loco
1293 1995 1388 2056 quam
1411 1976 1528 2036 ceteris

346 2098 418 2140 nota
441 2079 518 2140 illud
542 2081 680 2159 genuino
702 2099 831 2161 campie
853 2079 1004 2141 substitui
1027 2082 1129 2160 potuit
1151 2091 1320 2160 antequam
1336 2078 1528 2159 praepositio

347 2186 379 2245 in
395 2182 570 2259 excideret,
598 2185 648 2243 sin
663 2185 721 2244 loci
744 2184 789 2245 illi
814 2183 957 2245 mutandi
980 2203 1043 2245 non
1059 2183 1220 2263 videntur,
1245 2195 1279 2245 ut
1302 2202 1342 2244 ne
1359 2181 1435 2242 mihi
1452 2183 1528 2261 qul-

347 2284 420 2347 dcm
442 2297 517 2348 sunt
539 2289 611 2366 visi,
636 2289 713 2349 satis
736 2290 775 2348 iis
798 2290 948 2349 correctio
972 2298 1076 2349 nostra
1099 2287 1299 2350 defendetur.

432 2392 541 2452 Them.
568 2393 596 2471 l,
626 2393 637 2452 l
667 2393 761 2452 reieci
788 2394 976 2472 scripturam
1012 2393 1203 2472 optimorum
1237 2391 1396 2470 codicum,
1428 2390 1526 2452 Guel-

347 2494 536 2575 pherhytani
565 2505 597 2555 et
625 2495 853 2575 sangallensis:
902 2497 1001 2556 Huius
1034 2497 1109 2556 cittii
1144 2496 1275 2555 incuntis
1309 2495 1527 2555 adolescentiae

347 2603 465 2680 empuis
487 2605 558 2660 suot
580 2599 743 2659 emendata
765 2598 938 2673 uirtutibus,
965 2618 1026 2659 non
1050 2617 1086 2659 ea
1109 2597 1149 2660 de
1172 2617 1265 2659 causa
1284 2597 1367 2677 quod
1392 2597 1526 2659 verbum

347 2702 512 2762 emundare
534 2711 607 2762 ante
630 2701 832 2763 Columellam
856 2703 990 2782 reperiri
1013 2721 1076 2762 non
1099 2700 1244 2779 videtur,
1277 2701 1309 2762 id
1332 2700 1416 2780 quod
1439 2703 1526 2762 ritu·

348 2806 470 2884 peravit
492 2805 661 2884 llinckius,
687 2804 744 2866 sed
767 2808 841 2885 quia
865 2806 1009 2866 hocloco
1036 2807 1178 2885 ineptum
1201 2815 1260 2865 est.
1307 2803 1527 2866 Emundantur

348 2908 432 2968 e'uim
455 2927 537 2988 quae
560 2909 668 2970 sordes
690 2920 910 2990 susceperunt,
935 2928 998 2970 non
1022 2911 1109 2989 ipsae
1131 2909 1250 2970 sordes.

400 3082 403 3093 ι
434 3011 544 3073 Eiusd.
570 3032 597 3072 c.
623 3010 640 3094 §
664 3013 682 3073 2
706 3015 739 3074 in
761 3014 888 3094 optimis
911 3011 1073 3073 codicibus
1094 3015 1247 3093 scriptum
1271 3022 1319 3073 est
1341 3013 1372 3072 lc
1399 3010 1526 3092 (dicitur

348 3114 387 3177 de
411 3125 500 3195 patre
522 3116 749 3199 Themistoclis)
775 3136 905 3178 umorem
927 3114 1125 3178 Acarnanam
1146 3119 1240 3179 civem
1262 3117 1372 3192 ducit,
1403 3135 1445 3176 cae
1466 3135 1526 3196 qua

347 3225 438 3280 natus
471 3226 516 3280 est
548 3219 762 3281 Themistocles.
819 3219 923 3300 Atque
951 3218 984 3280 id
1006 3219 1136 3299 quidem
1170 3231 1255 3282 recte
1289 3240 1325 3282 ea
1359 3219 1399 3280 de
1432 3239 1526 3282 causa

350 3324 501 3384 reiectum
524 3334 572 3385 est
595 3325 688 3404 quia,
721 3325 747 3384 si
770 3325 873 3404 Nepos
897 3334 1028 3385 matrem
1050 3325 1268 3385 Themistoclis
1289 3344 1328 3385 ex
1350 3322 1525 3385 Acarnania

349 3426 512 3488 oriundam
528 3427 723 3507 tradidisset,
741 3425 966 3489 Acurncnidem
988 3429 1017 3488 ei
1040 3428 1244 3490 scribendum
1261 3427 1419 3511 fuisset*).
1459 3431 1524 3490 Non

350 3540 452 3609 potest
473 3541 578 3591 autem
602 3532 669 3591 lieri
693 3540 727 3591 ut
750 3531 840 3590 homo
862 3529 957 3591 Attici
981 3529 1143 3592 familiaris
1158 3532 1294 3593 Graecae
1317 3533 1443 3612 linguae
1462 3543 1524 3594 tam

350 3635 516 3713 imperitus
538 3633 633 3695 luerit
663 3644 781 3714 utque
811 3637 938 3696 nomine
961 3636 1105 3696 homines
1134 3656 1173 3696 ex
1194 3635 1370 3697 Acarnania
1399 3637 1525 3700 oriundi

349 3737 585 3816 appellarentur
607 3739 758 3812 nesciret;
794 3757 898 3817 neque
920 3739 1020 3799 ullum
1043 3740 1156 3800 similis
1179 3741 1297 3819 peccati
1329 3751 1449 3801 certum
1477 3743 1527 3802 in—

350 3839 467 3900 dicium
497 3839 583 3919 apud
612 3860 684 3901 eum
714 3843 882 3921 reperitur.
929 3844 1005 3903 Nam
1036 3842 1120 3923 quod
1151 3843 1189 3904 ad
1213 3843 1321 3905 Them.
1348 3847 1378 3923 9,
1405 3844 1524 3906 ledit.

350 3964 381 4023 p.
407 3946 447 4005 29
472 3946 649 4006 notavimus
672 3946 763 4025 longe
787 3948 868 4008 alius
890 3949 1017 4028 generis
1041 3959 1097 4010 est.
1145 3946 1185 4008 ht
1207 3949 1305 4009 multo
1328 3952 1455 4029 gravius
1478 3953 1527 4011 vi-

350 4048 428 4108 tium
451 4048 596 4129 plerique
620 4048 778 4129 inierunt,
812 4071 883 4112 cum
906 4052 1079 4114 deteriores
1102 4051 1253 4132 quosdam
1280 4052 1403 4114 codices
1426 4057 1525 4115 secuti

349 4147 566 4213 Acharoeoom
588 4153 733 4214 scribunt
756 4174 856 4234 eoque
879 4166 1011 4217 matrem
1026 4158 1243 4217 Themistoclis
1257 4155 1423 4237 Acharnis,
1448 4176 1527 4238 pago

420 4392 441 4452 ἰ
465 4393 642 4455 [Acarnanum
662 4395 772 4457 defendit
787 4395 968 4446 Buechelerum
980 4402 1082 4447 secutus
1098 4396 1128 4448 G.
1144 4398 1283 4448 Loeschcitc
1295 4399 1325 4447 de
1337 4400 1418 4448 titulis
1430 4399 1527 4460 aliquot

349 4479 446 4529 Attice.
485 4480 567 4529 Bono.
591 4484 654 4531 aare
669 4475 697 4542 ιἰ.
717 4481 771 4543 te}
