3068 5114
192 331 240 403 86
608 344 641 405 ln
665 343 817 404 Connrtro
845 343 960 403 Narona

193 537 231 597 tis
255 534 345 597 rebus
369 536 400 594 t'a
422 534 550 595 emiliam
570 534 848 613 proficiscerentur.
886 533 941 593 llic
964 530 1072 592 verbis
1093 532 1175 593 neeis
1197 550 1294 594 cauea
1314 535 1381 614 sig-

195 639 314 700 nifieari
338 641 589 718 interpretantur
612 635 646 697 ob
669 655 768 698 aecem
791 635 829 696 (ab
846 638 883 696 iis
901 635 1030 697 Caesari
1050 635 1180 711 illatam,
1198 638 1381 716 provincias

194 752 299 804 autem
324 761 377 803 eas
399 741 461 802 diei
486 759 567 820 quae
590 743 684 801 Bruto
707 751 739 800 et
762 740 867 800 Cassio
890 738 1068 801 Macedonia
1091 748 1123 799 et
1145 740 1236 820 Syria
1259 739 1299 801 ad
1315 739 1382 801 An-

195 848 314 907 tonium
338 855 370 906 et
385 844 576 906 Dolabellam
601 843 762 905 translatis
785 852 890 905 essent
908 842 1016 917 datae3
1043 860 1177 921 quarum
1200 845 1382 924 provincia·

197 970 266 1012 rum
290 970 358 1010 eam
381 968 462 1029 quae
486 951 581 1009 Bruto
604 946 731 1008 decreta
755 957 803 1008 est
826 947 950 1008 Cretam
975 945 1073 1007 luisse
1097 965 1137 1007 ex
1161 946 1224 1007 Cie.
1246 947 1326 1008 Phil.
1345 967 1379 1009 u.

196 1056 248 1132 38,
275 1053 315 1113 97
338 1062 475 1129 constat,
501 1052 541 1113 de
566 1052 665 1113 Cassii
688 1052 851 1131 provincia
881 1051 960 1111 nihil
984 1050 1093 1111 Cicero
1123 1048 1238 1127 refert,
1265 1051 1382 1132 reliqui

197 1158 409 1219 dissentiunt:
450 1155 615 1236 Appianas
653 1156 707 1235 (ui.
741 1157 772 1214 8.
807 1155 855 1215 Η.
892 1155 942 1214 te.
976 1155 1028 1213 36.
1062 1172 1103 1215 tv.
1136 1153 1187 1232 57)
1229 1154 1382 1235 Cyrenas,

159 1274 184 1314 tt
198 1260 383 1322 Plutarchus
404 1247 509 1339 (Βιηιι,Ι
528 1257 576 1340 te)
604 1258 753 1334 Airieam,
779 1258 905 1320 Cassius
928 1258 984 1317 Dio
1011 1256 1108 1337 (ratri.
1127 1255 1179 1338 Bi)
1205 1259 1384 1339 Bithyniam

197 1367 347 1425 nominat.
394 1362 498 1442 Atque
522 1363 633 1424 horum
658 1362 857 1423 Plutarchum
881 1360 1010 1441 quidem
1042 1379 1156 1423 errare·
1176 1371 1298 1423 eertum
1323 1373 1382 1440 est,

198 1488 269 1530 eunt
293 1468 400 1528 Cieero
424 1467 503 1528 Phil.
530 1485 575 1527 m.
603 1467 654 1544 to,
680 1468 721 1526 Bb
744 1463 881 1526 Airieam
913 1467 944 1525 in
974 1484 1092 1526 anuum
1117 1466 1155 1524 l3
1187 1465 1221 1526 C.
1248 1465 1386 1528 Calvisio

197 1572 358 1633 decretam
381 1590 449 1632 esse
474 1569 606 1645 reserat3
635 1571 777 1631 Cassium
795 1570 926 1630 Dionem
950 1588 986 1629 eo
1010 1577 1193 1648 argumento
1217 1587 1280 1648 quo
1302 1570 1388 1631 Dru-

199 1695 333 1736 mannus
355 1694 433 1736 usus
456 1684 504 1735 est
527 1675 600 1735 hist.
621 1675 707 1733 Bom.
733 1693 741 1732 ι
766 1694 797 1753 p.
819 1674 890 1750 llll,
917 1672 1001 1752 quod
1025 1674 1058 1734 in
1081 1672 1259 1754 Bithyniam
1275 1673 1389 1736 Tillius

199 1778 326 1840 Cimber
349 1776 509 1858 prolaetus
532 1786 627 1854 esset,
654 1778 769 1837 arrone
792 1778 981 1837 convincere
1004 1795 1066 1836 non
1090 1794 1274 1856 possumus:
1313 1796 1386 1838 nam

199 1883 310 1943 Tillius
334 1881 462 1943 Cimber
484 1881 565 1942 hane
587 1882 782 1961 provinciam
806 1899 888 1941 anno
911 1882 949 1940 ll
975 1879 1124 1957 obtinuit,
1151 1879 1256 1941 Cassio
1280 1890 1388 1943 autam

200 1993 232 2045 et
253 1987 348 2045 Bruto
377 1985 430 2063 qui
461 1984 519 2044 hoe
547 1997 629 2044 anno
660 1993 821 2064 praetores
852 1993 957 2045 essent
988 1985 1019 2045 in
1050 1992 1237 2063 sequentem
1267 2003 1388 2046 annum

200 2089 383 2169 provinciae
399 2087 670 2149 decernebantur:
697 2087 754 2148 sed
770 2086 897 2148 videtur
920 2096 1026 2147 tamen
1050 2088 1166 2147 maiore
1190 2084 1251 2147 lide
1271 2085 1390 2166 dignus

200 2191 381 2273 Annianus,
407 2193 461 2271 qui
485 2193 626 2253 ommum
651 2193 887 2252 areuratissime
912 2191 967 2251 has
998 2209 1049 2252 res
1072 2200 1258 2271 persecutus
1287 2201 1390 2254 estet

201 2299 291 2358 euius
320 2297 531 2357 narrationem
555 2295 712 2355 Plutarchi
744 2313 832 2355 error
860 2292 988 2355 videtur
1016 2294 1214 2355 confirmare.
1261 2292 1326 2355 Sed
1355 2306 1391 2357 ut

202 2401 241 2463 ad
265 2401 391 2480 Nepotis
415 2399 517 2460 loeum
541 2408 751 2475 revertamur,
779 2399 912 2477 reliquis
935 2399 981 2458 uti
1004 2397 1144 2459 diximus
1174 2398 1344 2477 explicatis
1367 2400 1390 2463 ii

202 2506 257 2584 qui
274 2503 417 2565 codicum
433 2505 623 2583 scripturam
640 2501 817 2564 defendunt
833 2503 1009 2581 genitivum
1029 2502 1261 2582 provinciarum
1279 2511 1390 2582 aptum

203 2626 271 2669 esse
301 2616 433 2668 narrant
459 2605 500 2667 ab
531 2605 736 2668 inferioribus
766 2606 936 2685 desperatis
959 2605 1050 2666 rebus
1079 2615 1110 2665 et
1140 2605 1189 2667 his
1218 2606 1390 2685 significari

205 2720 316 2792 putant
338 2713 470 2772 Brutum
493 2720 524 2770 et
547 2710 689 2771 Cassium
713 2710 898 2789 desperasse
923 2709 990 2770 lore
1012 2719 1048 2771 ut
1074 2711 1256 2789 provincias
1277 2708 1392 2773 deere-

205 2826 252 2875 tas
274 2835 292 2874 a
314 2822 425 2875 senatu
449 2813 593 2876 obtinere
616 2812 678 2875 sibi
702 2813 823 2874 liceret.
871 2813 917 2874 Ex
941 2813 991 2873 his
1017 2812 1164 2873 omnihus
1187 2812 1280 2892 plane
1310 2813 1391 2875 nihil

206 2917 331 2999 probari
358 2927 471 2997 potest.
519 2920 595 2978 llam
620 2919 757 2997 primum
789 2918 820 2977 in
846 2915 995 2978 vocabule
1018 2915 1104 2996 quod
1135 2926 1182 2977 est
1212 2935 1276 2977 aex
1304 2917 1393 2979 nulla

207 3025 288 3083 inest
310 3023 380 3083 eius
402 3022 457 3101 qui
481 3041 590 3081 nerem
614 3019 710 3081 infert
732 3021 918 3100 signifieatio
941 3019 998 3081 sed
1021 3021 1089 3080 eius
1114 3027 1236 3080 tantum
1252 3021 1308 3098 qui
1333 3040 1392 3100 pa-

206 3127 293 3186 titur.
341 3123 462 3184 Deinde
491 3125 595 3184 nullae
625 3125 752 3185 omnino
775 3124 957 3203 provinciae
981 3123 1086 3183 Cassio
1109 3131 1140 3183 et
1163 3124 1257 3182 Bruto
1284 3141 1322 3184 ea
1351 3122 1392 3186 de

206 3247 299 3288 eausa
323 3226 468 3288 decretae
492 3237 566 3287 strut
588 3229 664 3306 quia
688 3227 853 3287 Caesarem
877 3225 1112 3286 interfecerant.
1160 3225 1281 3305 Syriam
1306 3227 1393 3289 enim

207 3343 238 3392 et
260 3331 471 3393 Macedoniam
495 3331 608 3392 Caesar
631 3329 777 3403 dederat,
810 3348 889 3409 quan
919 3339 988 3409 post
1017 3338 1147 3390 mortem
1172 3329 1316 3390 Caesaris
1339 3349 1394 3392 re-

207 3437 372 3497 tinuerunt
401 3454 462 3495 non
487 3433 572 3514 quod
601 3454 673 3495 eum
702 3433 946 3511 interlucerant,
979 3432 1036 3495 sed
1059 3434 1133 3512 quia
1157 3442 1225 3493 aeta
1248 3432 1395 3496 Caesaris

207 3540 385 3601 confirmata
410 3548 500 3611 sunt;
536 3539 626 3599 Creta
650 3547 681 3598 et
706 3537 846 3618 Cyrenai¹
870 3535 961 3597 datae
991 3546 1065 3596 sunt
1095 3544 1129 3598 ut
1155 3536 1272 3599 iniuria
1295 3554 1393 3615 quam

208 3643 364 3723 ademptis
387 3642 547 3722 prioribus
570 3643 742 3722 provineiis
766 3642 849 3721 passi
880 3649 969 3701 orant
997 3640 1103 3718 aliqua
1132 3660 1171 3700 en
1195 3648 1286 3719 parte
1311 3641 1396 3702 loni-

209 3756 314 3819 retur;
348 3764 404 3806 eae
427 3765 501 3805 vero
529 3746 709 3825 provinciae
733 3764 812 3823 quas
843 3745 893 3804 hie
915 3764 931 3803 a
954 3745 1073 3822 Nepote
1103 3743 1294 3822 significatas
1323 3763 1395 3806 esse

209 3849 393 3911 docebimus
415 3849 559 3911 deoretae
582 3860 656 3910 sunt
679 3858 714 3909 ut
736 3850 866 3908 honesta
889 3849 994 3927 speeie
1019 3848 1113 3908 Bonm
1137 3845 1301 3923 altessent,
1336 3846 1395 3910 ubi

209 3974 243 4014 se
271 3963 338 4014 tuto
362 3955 482 4014 versari
511 3972 574 4013 non
605 3952 769 4033 putabant.
816 3952 959 4030 [lenique
990 3969 1046 4010 cur
1068 3952 1182 4012 Brutus
1212 3960 1243 4011 et
1266 3949 1397 4013 Cassius

210 4057 333 4117 Cretam
364 4065 394 4116 et
417 4056 554 4137 Cyrenas
586 4075 620 4118 so
650 4055 795 4116 obtinere
825 4074 917 4134 posse.
940 4053 1149 4133 desperarent
1183 4053 1269 4115 nulla
1298 4072 1397 4116 causa

210 4170 293 4238 emt,
327 4178 430 4238 neque
461 4178 511 4218 res
533 4161 767 4238 provinciarum
790 4158 961 4239 desperare
991 4176 1044 4217 eos
1066 4155 1129 4216 diei
1160 4174 1250 4235 posse
1274 4157 1329 4234 qui
1361 4176 1396 4219 se

212 4263 390 4342 provincias
413 4261 556 4321 obtinere
580 4282 670 4341 posse
700 4261 872 4341 desperent
899 4270 1044 4340 apertum
1076 4269 1133 4320 est.
1182 4260 1291 4337 ltaque
1321 4278 1395 4320 eum

212 4365 331 4445 duplex
354 4364 504 4426 urendum
521 4365 597 4425 haee
614 4363 711 4425 verba
734 4383 903 4443 eertrpasse
927 4373 1087 4442 appareat,
1113 4364 1246 4424 alterum
1265 4381 1282 4422 a
1300 4361 1398 4424 Cuia-

212 4469 260 4529 eio
282 4478 457 4530 eorreetum
488 4469 665 4530 existimavi
694 4471 747 4548 qui
779 4467 856 4530 dreis
883 4485 979 4528 cottae
1007 4466 1211 4529 scribendum
1240 4467 1393 4542 eonieeit;
