3068 5114
212 296 259 368 82
633 313 665 373 ln
689 312 842 375 Cornucio
865 315 982 377 Neron

212 509 328 560 rectum
355 503 508 560 rationem
534 503 694 561 invenisse
717 503 777 563 sibi
805 505 892 564 risus
915 514 961 564 est
986 524 1047 585 qua
1075 504 1218 567 codicum
1242 509 1401 589 scripturn

211 602 449 665 defenderetur.
498 605 619 665 Putniit
643 605 726 665 enim
751 607 888 667 Atticum
921 610 962 668 itu
986 613 1020 668 s'e
1051 610 1335 690 interposuissent
1358 612 1399 674 ab

212 707 250 765 iis
274 705 456 767 hominihus
479 727 495 767 n
519 706 638 786 quibus
660 707 871 770 Athenienses
895 713 1061 790 pecuniam
1089 731 1190 792 nequa
1213 713 1398 777 condicione

211 819 352 870 mutuom
376 830 501 871 sumere
526 830 586 870 non
611 813 787 890 potuissent
811 814 878 892 ipso
901 824 1060 892 sumeret,
1094 825 1218 877 etcum
1241 819 1270 878 ci
1294 837 1396 898 aequa

211 912 394 974 condicione
422 933 549 974 sumere
575 914 699 992 ticcret,
735 914 844 976 curtem
867 915 957 977 deret
982 917 1245 989 Atheniensibns;
1289 919 1398 982 verbis

209 1027 314 1078 autem
336 1037 430 1098 ireque
451 1037 580 1078 itsnrurn
602 1037 743 1098 nniqrrnnr
768 1017 806 1078 od
828 1019 875 1078 liis
898 1023 1045 1101 occeperit
1060 1021 1199 1083 Atticum
1219 1042 1275 1103 pro
1298 1043 1396 1104 opera

209 1140 265 1180 suu
289 1141 382 1199 qunm
409 1123 439 1181 in
463 1120 670 1200 comparando
694 1123 826 1200 pecunia
851 1124 1030 1185 coltocasset
1055 1126 1232 1187 mercedem
1256 1146 1318 1188 non
1343 1146 1397 1189 ac-

209 1226 331 1303 cepisse
360 1225 529 1303 significari
558 1227 678 1285 statuit.
727 1226 789 1284 lum
820 1225 905 1304 (ruod
931 1229 1154 1290 Hoitzmnnnus
1184 1231 1244 1291 aua
1272 1233 1396 1294 rarione

208 1330 270 1388 nisi
293 1347 329 1389 en
353 1348 447 1408 quum
472 1330 539 1407 ipse
563 1327 791 1389 demonstrarit
814 1328 951 1390 Atticum
982 1352 1015 1391 se
1047 1335 1273 1413 interposuisse
1296 1354 1397 1412 nega-

207 1433 271 1505 rit,
297 1433 371 1512 quin
398 1434 437 1493 itu
462 1442 583 1492 tuntum
608 1431 741 1492 uerbum
767 1431 844 1493 iilud
869 1433 953 1512 quod
977 1445 1023 1495 est
1048 1439 1238 1516 interponere
1263 1441 1396 1519 proprio

206 1537 384 1614 significatu
408 1545 595 1615 poneretur,
622 1554 732 1596 rerum
763 1555 824 1596 non
855 1546 913 1596 est.
962 1538 1038 1597 Num
1062 1541 1117 1618 qni
1147 1540 1281 1600 ultorum
1305 1540 1396 1602 ‹titu-

206 1639 324 1699 cuitote
347 1638 459 1705 liberat
485 1640 510 1699 is
533 1657 732 1718 quocumque
756 1639 847 1700 modo
871 1639 902 1700 id
927 1639 999 1700 fucit
1024 1642 1226 1721 iuterpoirere
1249 1662 1283 1703 se
1307 1655 1395 1706 recte

206 1742 333 1815 dicitur,
360 1743 511 1803 nimirum
536 1741 852 1803 interdisticultntem
877 1752 1002 1804 etcum
1027 1746 1082 1824 qui
1106 1744 1293 1807 difficultate
1317 1767 1395 1828 pre·

207 1848 314 1907 mitur.
363 1848 427 1906 Non
453 1866 594 1927 repugno
626 1858 729 1906 tomen
753 1866 815 1926 quo
844 1849 949 1909 minus
973 1849 1030 1908 troc
1053 1848 1144 1909 modo
1167 1869 1262 1929 quem
1287 1852 1395 1913 Holtz-

207 1969 340 2011 nmnnus
363 1952 507 2031 exposuit
524 1950 646 2011 Atticus
669 1970 703 2010 sc
728 1951 955 2030 interposuisse.
974 1951 1129 2028 ridentur,
1155 1953 1245 2014 modo
1269 1973 1310 2015 ne
1335 1956 1393 2017 hoc

204 2074 278 2130 uno,
305 2053 361 2114 sed
384 2073 441 2115 sun
465 2073 592 2133 quoque
617 2055 751 2133 pecunia
775 2054 905 2131 creditu,
931 2065 961 2115 et
985 2075 1056 2116 rum
1082 2057 1133 2116 itio
1157 2057 1247 2118 modo
1270 2057 1393 2120 subre-

205 2159 300 2236 uirct,
326 2157 427 2217 alienu
450 2168 610 2236 tunionem
634 2176 700 2217 suo.
750 2157 792 2217 Ita
816 2158 1127 2233 enimstntuondum
1159 2179 1228 2220 csse
1251 2171 1283 2221 et
1307 2181 1392 2241 quoe

203 2270 385 2340 sequuntur
412 2271 443 2320 et
476 2261 638 2340 superiora
672 2262 738 2321 suis
773 2259 914 2339 opibus
949 2263 1081 2342 inopium
1108 2282 1212 2324 einum
1238 2265 1392 2344 publicam

203 2365 316 2425 teneicit
337 2363 520 2425 ostendunt.
567 2366 653 2435 (June
676 2382 752 2424 rero
769 2364 992 2424 Hottzmunnus
1011 2364 1120 2426 ruinis
1142 2373 1175 2427 ut
1197 2386 1292 2447 ireque
1313 2387 1393 2429 urn-

204 2488 271 2529 rom
294 2487 436 2547 unrqrunn
465 2466 504 2527 ob
526 2467 573 2527 ln's
596 2469 744 2547 occeperit
773 2468 945 2545 significari
975 2469 1122 2548 opinatus
1151 2479 1196 2530 est
1230 2471 1297 2532 tieri
1328 2492 1389 2534 non

203 2583 306 2652 potest
328 2582 363 2632 ut
386 2593 401 2631 n
419 2573 537 2651 Nepote.
561 2571 734 2649 signitiontn
750 2572 824 2631 sim.
864 2573 939 2631 Num
955 2582 988 2632 ut
1014 2574 1155 2633 omittam
1172 2584 1234 2634 tnm
1259 2586 1389 2637 tenuem

202 2696 238 2736 uc
266 2676 385 2737 nullum
415 2677 520 2756 potius
550 2674 673 2735 laudem
696 2675 810 2751 Attici,
840 2674 924 2753 quod
956 2677 982 2735 is
1013 2675 1231 2737 sordidissimo
1255 2688 1388 2757 quaestu

202 2777 424 2854 abstinuisset,
458 2797 517 2838 non
542 2776 695 2838 credibile
721 2776 820 2837 rideri
845 2798 861 2837 n
886 2780 1039 2858 scriptore
1063 2797 1132 2839 esse
1162 2799 1390 2841 commemorn-

202 2891 276 2957 tnm,
302 2900 406 2960 neque
429 2900 527 2942 usuro
551 2880 614 2941 ullo
636 2881 697 2941 niio
720 2881 785 2940 loco
809 2882 849 2941 ita
882 2883 1009 2967 ponitur
1031 2891 1063 2943 ut
1094 2901 1214 2943 merces
1238 2884 1308 2943 eius
1331 2885 1388 2964 qui

204 2986 367 3064 pecuniam
392 2985 577 3064 compararit
601 2984 798 3060 significetur
822 3002 926 3063 nequo
958 2983 1066 3044 bieco
1096 2984 1272 3060 significatu
1298 2987 1388 3064 posi-

201 3099 263 3148 tum
294 3108 364 3150 esse
394 3089 559 3168 sequentia
588 3086 814 3148 demonstrant.
864 3089 938 3147 Nam
968 3086 1076 3147 uerbis
1114 3087 1199 3161 (tund
1224 3095 1389 3170 utrumque

201 3192 306 3253 nudae
332 3212 381 3252 res
405 3191 537 3252 indicnri
554 3201 683 3271 possunt
708 3193 768 3252 nisi
794 3211 874 3270 quoe
893 3192 1045 3270 proximis
1068 3190 1287 3271 superioribus
1312 3192 1387 3255 inde

200 3295 241 3355 nb
265 3297 314 3356 iris
335 3303 369 3356 ut
391 3315 484 3376 ncqnc
505 3314 634 3356 irretiunt
655 3295 810 3356 decimum
833 3305 918 3356 sunt.
966 3296 1074 3374 linque
1098 3315 1167 3355 cum
1191 3315 1229 3356 ex
1255 3294 1388 3357 interin-

201 3399 291 3461 ribus
313 3402 415 3479 priorn
440 3402 519 3461 Nunc
540 3418 635 3479 neque
662 3398 843 3478 indutpendo
868 3400 1086 3460 inveterascere
1108 3416 1210 3458 rorum
1233 3416 1285 3458 nes
1309 3399 1388 3459 alie-

200 3523 273 3564 num
300 3503 475 3583 potiebatur
507 3501 546 3563 nd
578 3502 627 3562 itta
661 3519 755 3580 neque
784 3502 901 3582 tonpius
923 3520 1012 3582 qrinm
1037 3501 1148 3562 dictum
1176 3507 1252 3560 essct
1279 3499 1388 3561 debere

198 3625 312 3688 possus
339 3609 379 3667 sit
416 3605 528 3666 referri
558 3615 724 3684 appareat,
764 3606 861 3665 uitem
890 3622 983 3684 niune
1013 3603 1250 3684 nniitipiienndr‘s
1276 3605 1386 3665 usuris

200 3730 336 3772 cresccre.
366 3720 398 3770 ct
425 3708 464 3769 nd
490 3710 564 3768 {mec
586 3727 680 3788 neque
708 3727 837 3767 ncrn'nm
867 3726 1007 3787 rinrqnmn
1032 3706 1069 3766 nb
1091 3707 1138 3766 tu's
1161 3707 1311 3785 occeperit
1334 3727 1386 3768 re-

202 3815 277 3875 terri
301 3825 332 3875 et
356 3812 463 3874 verbis
485 3830 614 3872 irsrirnm
636 3829 777 3890 urrrqnnnr
803 3809 885 3871 idem
910 3810 1080 3889 significari
1110 3819 1206 3888 utque
1236 3809 1386 3889 irretitipti-

200 3919 307 3980 ciendis
328 3919 435 3979 terreris
457 3935 585 3978 necesse.
609 3925 667 3976 est.
706 3913 795 3986 Quod
818 3934 890 3975 cum
912 3923 1037 3973 servntu
1060 3912 1202 3973 codicum
1226 3912 1385 3991 scripturn

201 4023 268 4082 neri
292 4040 354 4082 non
378 4021 493 4101 possit,
526 4018 688 4099 probando
718 4028 766 4078 cst
796 4018 956 4077 lenissimo
980 4015 1202 4076 Gottschotchii
1232 4017 1385 4076 correctio

141 4195 144 4205 Ι
199 4133 233 4186 ut
254 4144 349 4206 neque
369 4142 498 4186 certunm
522 4124 656 4202 r'rn'qumn
681 4121 718 4182 od
741 4122 787 4181 ln's
811 4122 970 4200 occeperit.

286 4228 350 4288 An.
376 4229 407 4303 3,
433 4229 463 4305 3,
488 4247 560 4287 cum
585 4227 717 4287 relmum
741 4235 821 4285 essct
839 4224 976 4284 Atticum
993 4221 1126 4282 Athenis
1150 4223 1191 4282 itu
1215 4240 1285 4281 esse
1308 4240 1384 4283 ver-

200 4342 302 4393 satum
325 4341 359 4392 ut
382 4350 540 4390 summum
564 4329 806 4390 Atheniensium
836 4346 974 4388 mirorem
1003 4335 1270 4404 consequeretur,
1305 4324 1383 4387 hucc

162 4422 246 4495 nin'
277 4431 438 4495 codicibus
467 4432 678 4493 adiiciuntur:
720 4433 817 4512 Ipitrn·
838 4433 970 4511 prinnini
1002 4429 1077 4490 itinn
1106 4446 1214 4489 munus
1238 4426 1383 4507 fortunae
