3068 5114
559 348 750 408 Solensem!
774 348 812 408 ll.
840 350 869 408 Ξ.
1235 333 1307 406 143

119 537 149 596 in
172 535 282 616 quilius
304 537 380 596 satis
402 537 569 597 exercitali
589 554 706 597 sunius.
755 539 772 597 4
799 537 886 612 Quod
907 539 1042 598 Mirlimn
1063 556 1121 618 per
1143 557 1188 598 me
1205 538 1308 598 melio·

119 658 182 699 rem
207 639 279 716 fieri
308 638 426 699 colunt.
458 638 497 699 do
525 639 661 720 equidem
690 657 826 720 operam.
874 660 921 700 xv.
949 643 1002 717 lo,
1032 640 1051 699 5
1077 639 1164 714 Qicod
1191 642 1309 702 Brutus

119 748 215 822 roqat,
242 748 275 800 nt
295 749 366 801 ante
387 739 547 803 kalendas.
573 741 616 803 od
638 761 684 802 me
698 760 812 823 quoquc
828 745 963 822 scripsit,
987 750 1016 805 et
1028 741 1162 822 sortasse
1178 742 1306 823 faciam.

119 844 183 919 3,t
212 843 300 918 Quod
321 843 432 905 scribis
450 845 623 923 parendum
649 845 823 907 rictorihns.
850 865 907 906 non
932 846 1006 906 mihi
1019 845 1149 926 quidem.
1174 848 1226 907 ‹ui
1238 854 1311 907 sunt

119 947 214 1007 oridia
233 949 366 1026 potiora.
414 949 444 1021 l,
464 949 483 1007 2
507 948 595 1023 Quod
616 947 727 1009 scribis
749 957 777 1009 tc
797 950 931 1015 nescire,
958 949 1032 1030 quid
1054 951 1169 1009 nostris
1188 947 1309 1028 facien·

119 1049 191 1110 dum
213 1051 262 1126 sit,
289 1051 351 1109 iam
371 1049 491 1129 pridem
515 1069 561 1110 me
584 1051 637 1111 illa
659 1043 772 1134 ἀπορία
796 1052 938 1112 sollicitat
960 1062 991 1112 et
1016 1050 1105 1126 Quod
1126 1059 1154 1112 le
1176 1053 1309 1112 aBrulo

119 1151 247 1229 scribis,
280 1160 314 1213 ut
334 1154 446 1214 certior
464 1153 565 1231 fieret.
595 1173 653 1235 quo
675 1153 724 1216 die
747 1156 776 1215 in
798 1155 968 1216 Tusculano
990 1173 1083 1216 essem
1104 1153 1252 1234 sutram,
1279 1163 1312 1214 ut

120 1256 162 1316 ad
184 1264 211 1316 te
233 1263 305 1316 onte
325 1257 447 1334 scripsi,
473 1275 501 1315 m
517 1254 580 1316 hal.
612 1259 697 1334 13st
723 1257 809 1332 Quod
830 1256 941 1318 scribis
964 1257 1093 1339 leqioncs
1108 1257 1189 1318 duos
1204 1259 1311 1317 Brun·

120 1358 231 1419 disium
262 1360 394 1433 venisse,
428 1377 481 1419 ros
507 1361 608 1421 omnia
630 1363 733 1441 prins.
782 1361 864 1435 l7,t
895 1359 982 1436 Quod
1003 1359 1112 1422 scribis
1135 1360 1189 1422 tihi
1209 1360 1311 1422 deesse

122 1463 175 1523 MS
191 1462 224 1539 0,
249 1480 328 1543 quae
352 1463 490 1522 Ciceroni
510 1472 622 1525 curata
643 1465 715 1540 sint,
743 1464 829 1525 celim
853 1462 892 1523 ab
915 1466 1004 1525 Erote
1025 1482 1172 1545 quaeras.
1199 1463 1311 1526 ubisit

123 1583 235 1626 merces
264 1566 451 1626 insularum.
499 1567 589 1643 ξολ
615 1567 701 1641 (luod
723 1568 771 1628 ais
794 1574 933 1628 extrema
958 1567 1107 1648 quaedam
1133 1568 1192 1627 iarn
1216 1566 1312 1627 homi·

122 1687 174 1730 nes
204 1668 241 1729 de
270 1668 445 1748 republica
468 1670 568 1750 loqui,
601 1689 669 1752 eqo,
701 1689 759 1752 quo
781 1671 830 1731 die
852 1669 961 1730 audiri
983 1671 1067 1731 illum
1091 1678 1256 1750 tyrannum
1281 1671 1309 1730 in

122 1773 256 1834 contione
289 1772 494 1834 clarissionun
531 1773 632 1833 cirum
669 1774 837 1854 appellari,
882 1773 1077 1854 subdiffidere
1110 1775 1204 1854 coepi.
1249 1790 1308 1833 xvi.

126 1876 214 1953 ll,2
240 1875 326 1949 Quod
351 1879 481 1938 cereris.
507 1895 545 1937 ne
567 1870 733 1962 ἀδόλετχος
755 1876 832 1938 mihi
852 1885 897 1954 tu,
922 1879 990 1959 quis
1014 1879 1145 1938 ociosus?
1173 1887 1204 1938 et
1228 1877 1314 1952 (luod

125 1998 171 2039 me
192 1977 354 2056 admones,
380 1987 411 2039 tu
434 1997 506 2039 cero
529 1981 650 2040 etiamsi
672 1979 924 2060 reprehenderes,
950 1999 1008 2040 non
1034 1979 1118 2040 niodo
1138 1979 1233 2060 facile
1252 1998 1314 2059 pa-

124 2090 220 2157 terer,
255 2080 309 2142 sed
335 2081 425 2142 etiarn
456 2082 602 2142 laetarer.
649 2083 667 2142 3
694 2082 781 2157 Quod
809 2101 856 2144 me
884 2082 1020 2144 hortaris
1043 2082 1086 2143 cul
1107 2081 1311 2143 scribendum.

124 2186 220 2245 amice
247 2191 280 2243 tu
306 2183 443 2265 quidem,
475 2184 529 2245 sed
556 2204 602 2246 me
630 2187 703 2247 scito
725 2204 817 2268 aqere
835 2186 913 2247 nihil
935 2185 1031 2247 aliud.
1081 2184 1160 2261 431),
1185 2186 1203 2245 2
1228 2185 1315 2260 Quod

122 2294 285 2368 praetereo
307 2286 458 2364 consulis,
487 2287 562 2368 quid
584 2286 638 2348 tibi
658 2307 795 2350 censeam
815 2287 993 2369 facie-ndum
1017 2287 1139 2368 difficile
1161 2295 1221 2349 est.
1247 2306 1313 2349 cum

124 2389 232 2450 absim.
284 2389 372 2467 45st
397 2390 484 2464 Quod
507 2397 607 2451 autem
631 2392 766 2471 qimeris,
792 2390 937 2472 quomodo
960 2392 1014 2472 aqi
1024 2391 1157 2470 placeat,
1178 2392 1313 2470 prinuan

125 2494 212 2554 celim
236 2491 385 2554 eiusmodi
405 2493 462 2568 sil,
495 2501 529 2554 ul
550 2512 609 2553 uon
633 2493 767 2554 alienum
789 2494 830 2554 sit
852 2511 898 2554 mc
920 2496 1030 2555 Romae
1051 2510 1126 2554 esse.
1173 2491 1314 2553 Aliorum

126 2596 269 2676 exemplo
293 2595 370 2657 haec
392 2604 478 2657 sunl.
518 2594 667 2657 hirenius
685 2597 744 2656 446
765 2597 844 2657 Nam
859 2595 955 2676 proha
972 2595 1123 2676 elpudico
1138 2593 1311 2676 quodsum,

124 2699 247 2762 consulo
269 2706 297 2759 et
315 2717 412 2778 parco
435 2698 519 2759 irrdri.
567 2699 671 2761 Attius
693 2701 789 2762 Bruto
807 2701 846 2759 36
876 2701 957 2760 Nom
988 2698 1067 2780 quod
1089 2697 1132 2759 od
1153 2698 1313 2758 deuterum

128 2803 210 2882 Cepit
231 2819 356 2862 cursum
379 2800 418 2861 ab
441 2801 529 2864 laera
553 2805 674 2885 siqnum
686 2811 882 2885 praepotens,
904 2801 1108 2882 pulcherrime
1123 2797 1314 2882 duqtiralum

125 2913 170 2967 est
192 2923 255 2966 rem
279 2907 443 2965 Romanam
464 2905 617 2986 publicam
634 2925 785 2968 mennmam
799 2905 877 2986 fore.
905 2905 1024 2984 Vergil.
1042 2903 1121 2965 hen.
1141 2922 1174 2964 ιι.
1195 2904 1255 2963 isa
1280 2905 1317 2964 m

126 3027 209 3069 nnnc
237 3006 316 3088 quod
339 3008 465 3087 patrias
493 3017 579 3070 vento
605 3011 719 3090 petiere
740 3010 901 3090 Mycenas,
933 3005 1030 3069 Arma
1052 3006 1179 3088 deosque
1198 3014 1316 3088 parant

126 3111 246 3172 comites
278 3109 441 3192 pelaqoque
471 3129 607 3173 remenso
636 3114 801 3192 Improvisi
827 3112 970 3173 adomim.
1019 3112 1161 3190 Propert.
1187 3127 1217 3169 m
1245 3111 1313 3187 (ns.

127 3214 165 3289 2,
185 3215 204 3272 9
229 3205 326 3287 Quod'
344 3232 405 3274 non
431 3215 594 3276 Taenariis
616 3215 721 3277 domus
744 3224 789 3277 est
809 3214 885 3276 mihi
901 3214 984 3296 scilta
1008 3213 1157 3274 columnis
1178 3213 1240 3273 h’ec
1262 3232 1317 3274 co-

127 3334 213 3376 mera
235 3323 368 3378 auratos
391 3317 470 3377 inter
493 3315 611 3378 eburno
632 3317 736 3380 trahes
758 3319 819 3380 h'ec
840 3336 907 3379 mea
932 3317 1083 3378 Phaeacas
1106 3323 1240 3396 aequant
1259 3334 1316 3396 po-

128 3419 233 3478 maria
254 3418 363 3494 siloas,
388 3420 454 3479 Non
478 3437 605 3499 operoso
626 3421 711 3502 riqat
725 3422 864 3483 Marcius
887 3404 986 3481 antrd
1011 3420 1129 3500 liquor:
1152 3414 1192 3479 m
1208 3420 1317 3479 Musae
1332 3440 1355 3481 m

128 3521 248 3582 comites
271 3528 298 3582 et
320 3523 461 3583 carmina
481 3529 572 3603 qrata
597 3522 707 3604 leqenli
726 3525 765 3584 Et
785 3522 905 3604 defessa
927 3522 1026 3584 choris
1051 3520 1205 3601 Calliopea
1228 3522 1314 3583 meis.

128 3621 222 3684 Ovid.
240 3642 269 3684 a.
287 3642 316 3684 a.
335 3641 357 3684 1.
376 3624 432 3684 26⁴
461 3624 524 3686 Illa
551 3624 630 3706 quod
656 3615 700 3687 est
729 3627 830 3708 oirqo,
864 3625 943 3707 quod
972 3624 1030 3685 telo
1056 3623 1214 3703 Cupidinis
1243 3623 1315 3693 odit,

129 3726 228 3787 Multa
250 3725 333 3787 dedit
351 3728 463 3807 populo
485 3727 633 3806 enituero,
664 3728 758 3790 multa
782 3728 876 3790 dabit.
925 3730 1049 3789 Pelion.
1070 3726 1129 3787 404
1154 3726 1318 3806 Encolpion

129 3828 208 3910 quod
230 3830 369 3909 quaeris,
396 3830 469 3890 scito
492 3850 513 3890 a
535 3849 581 3891 me
605 3833 636 3892 in
659 3849 768 3893 norem
791 3839 873 3892 tuom
898 3849 962 3892 esse
981 3828 1173 3910 perductum.
1221 3828 1319 3891 Silius

128 3950 170 3992 ιι.
189 3931 251 3993 327
275 3932 434 3992 Summum
463 3932 542 4013 quod
571 3934 672 3996 credis
702 3943 729 3996 ct
757 3952 872 4016 aequas
901 3932 1101 3994 Hannibalem
1132 3931 1269 4011 superis,
1301 3950 1318 3990 o

129 4041 275 4115 quantum
305 4034 425 4094 nomine
452 4036 552 4095 maior
582 4038 650 4097 Iam
675 4039 769 4098 Poeno
798 4035 853 4098 tibi
878 4043 972 4099 nana
995 4037 1062 4097 erit.
1110 4035 1241 4095 Sueton.
1266 4052 1314 4113 gr.

132 4137 144 4196 l
173 4138 253 4197 Nam
281 4135 360 4216 quod
387 4138 529 4199 crocinulti
556 4139 682 4200 tradunt
709 4140 785 4201 duos
815 4139 909 4201 libros
931 4139 968 4200 de
990 4137 1099 4200 litteris
1121 4135 1315 4219 syllabisque,

129 4240 198 4300 ilem
227 4238 265 4299 de
294 4242 397 4300 metris
426 4239 586 4302 abeodem
611 4243 708 4303 Enm'o
730 4242 840 4318 edilos,
873 4244 941 4303 iure
963 4240 1066 4322 arqui!
1088 4242 1123 4300 L.
1151 4240 1234 4301 Cotta
1258 4258 1317 4300 nou

126 4349 242 4422 poetae,
268 4340 322 4403 sed
333 4344 514 4422 posterioris
530 4344 624 4404 Ennii
636 4362 711 4406 esse.
758 4343 902 4422 Denique
919 4344 1022 4424 Nepos
1036 4343 1129 4404 Eum.
1149 4345 1178 4422 9,
1198 4344 1217 4405 2
1240 4343 1318 4404 Nom

130 4443 209 4524 quod
230 4443 337 4506 diebus
359 4446 489 4527 quinque
511 4445 604 4508 hostis
627 4447 777 4509 transisse
795 4453 911 4528 posset,
936 4464 969 4509 se
990 4446 1178 4526 effecturum.
1204 4453 1318 4507 sitnon
