3076 5122
276 322 350 397 568
582 330 702 392 Ontrro
725 347 763 390 m
786 345 987 390 rsoascrotus
1009 345 1173 388 tarnenna

276 535 367 608 pmrte
391 522 539 602 theologi,
566 521 624 601 qui
648 527 845 599 quantopere
868 526 936 578 arte
959 516 1195 578 hermeneutioa
1217 515 1309 578 abusi
1331 520 1414 594 sint,
1444 537 1474 579 ut

274 629 405 695 decreta
428 626 527 688 semel
549 625 673 685 sancita
696 622 883 697 retinerent,
909 638 973 680 non
988 639 1069 700 opus
1084 629 1134 681 est
1150 638 1322 700 exponere.
1370 621 1472 702 Atque

276 733 309 795 hi
334 732 395 813 ipsi
418 728 675 792 luculentissimo
696 722 886 785 documento
913 733 1007 802 sunt,
1040 732 1157 802 quanto
1187 742 1259 785 oum
1282 721 1471 786 detrimento

275 834 447 915 disciplina
467 831 578 911 aliqua
602 829 636 889 in
660 844 697 889 ea
720 836 828 906 parte,
853 844 950 906 quam
972 843 1044 887 oum
1072 826 1172 888 altera
1194 845 1394 889 communem
1419 827 1470 888 hr-

277 938 350 1013 bct,
375 954 508 999 suorum
531 932 648 995 linium
670 928 827 1008 angustiis
848 946 884 989 se
907 928 1077 989 contineat.
1109 928 1185 989 Nam
1208 927 1304 991 iidem
1323 930 1466 1008 theologi,

275 1042 332 1125 qui
357 1043 390 1102 in
406 1040 462 1101 hos
484 1052 615 1100 errores
631 1033 895 1108 incucurrerunt,
922 1031 954 1092 in
972 1029 1113 1094 tontibus
1135 1032 1202 1093 suis
1216 1031 1392 1094 tractandis
1407 1051 1468 1094 on-

277 1163 337 1209 nes
359 1143 502 1223 reliquos
522 1135 693 1216 diligentia
720 1143 751 1195 et
780 1151 856 1194 cura
885 1143 1098 1214 superarunt,
1130 1152 1235 1215 neque
1264 1154 1304 1196 ex
1326 1135 1392 1196 ulla
1416 1135 1467 1195 dia

277 1246 446 1329 discipline
466 1255 510 1305 tot
534 1251 568 1304 et
592 1249 660 1299 tam
682 1236 800 1316 copiosi
816 1234 857 1298 de
880 1246 946 1297 arte
969 1237 1077 1298 critica
1100 1247 1131 1299 et
1146 1238 1386 1300 hermeneutica
1403 1236 1468 1300 lbri

280 1351 414 1437 ,emicui
436 1355 525 1411 sunt.
559 1343 625 1404 llos
645 1356 757 1400 omnes
779 1357 907 1400 errores
929 1350 1070 1402 removet
1094 1349 1125 1401 et
1140 1339 1274 1421 depellit
1293 1341 1466 1421 philologia,

278 1476 363 1540 quac
380 1452 533 1515 latissimo
555 1441 682 1507 ambitu
696 1442 803 1502 omnia
824 1443 1024 1523 antiquitatis
1047 1453 1248 1505 monumenta
1263 1444 1469 1524 eomplertens

281 1562 314 1625 iu
337 1557 442 1621 nullas
464 1548 578 1616 iudicii
608 1545 774 1625 angustias
796 1545 997 1625 compellitur
1025 1564 1131 1627 neque
1153 1547 1226 1608 ullis
1248 1547 1392 1608 ecclesiae
1414 1558 1469 1608 aut

280 1664 328 1727 roi
351 1657 498 1743 pentae
521 1646 652 1731 legibus
674 1655 706 1706 et
722 1644 862 1710 decretis
884 1650 1013 1710 astricta
1029 1646 1070 1710 de
1092 1647 1240 1711 omnibus
1262 1647 1360 1711 rebus
1378 1646 1469 1710 ibero

279 1765 386 1831 auituo
414 1756 534 1824 iudicat
567 1766 675 1829 neque
697 1745 843 1811 divinum
867 1751 1041 1832 quiequam
1070 1761 1125 1813 aut
1155 1760 1274 1813 rectum
1304 1752 1466 1829 exitimat,

280 1868 343 1933 uisi
365 1860 453 1945 quod
483 1857 566 1921 ratio
594 1862 626 1914 ct
658 1847 813 1913 iudicium
844 1872 956 1915 verum
986 1873 1055 1916 esso
1084 1855 1248 1915 evicerint.
1297 1855 1357 1916 Hor
1372 1871 1468 1932 quarn

281 1988 394 2036 terunt
415 1966 469 2029 sit,
494 1956 574 2023 iudo
596 1963 748 2035 opturet,
774 1954 862 2035 quod
884 1957 1020 2037 theologi
1043 1957 1199 2019 saniorem
1222 1957 1468 2020 hermereuticae

280 2076 360 2141 artis
382 2087 475 2137 uentu
498 2059 621 2127 elchcut
645 2056 686 2117 lo.
704 2054 786 2138 hug.
807 2058 962 2139 Ernestio,
990 2061 1097 2122 critica
1120 2081 1180 2140 ars,
1206 2080 1302 2141 quam
1325 2078 1371 2122 rus
1387 2079 1469 2141 quo-

280 2198 345 2265 que
369 2172 465 2259 tetulo
485 2176 561 2232 autc
585 2178 828 2241 astrueremus,
863 2164 894 2224 in
918 2182 998 2224 novo
1021 2172 1207 2226 testamento
1229 2165 1357 2244 primun
1380 2176 1467 2226 reete

281 2279 422 2348 cmtcita
449 2283 497 2337 est
520 2290 541 2332 a
564 2261 675 2327 tnmto
696 2262 908 2326 lachmanno.

370 2383 471 2447 Nutu
493 2363 666 2437 etti-tenth
688 2375 763 2428 sunt
786 2366 828 2430 de
844 2369 1014 2430 historicis.
1054 2370 1124 2448 Qui,
1151 2370 1177 2430 si
1200 2372 1350 2450 antiqum
1368 2368 1469 2437 histo-

284 2492 363 2555 titttu
387 2490 535 2549 tractent.
563 2470 648 2535 tuom
671 2471 817 2532 tuuneris
831 2471 917 2552 quod
934 2473 1080 2553 philologi
1098 2471 1233 2550 habent;
1260 2493 1303 2534 ser
1319 2471 1468 2553 plerique

282 2610 405 2659 tortum
432 2596 466 2650 ut
491 2580 539 2645 tui
563 2583 676 2638 natura
700 2569 772 2649 lort,
800 2573 920 2652 modia,
947 2576 1056 2656 plures
1080 2577 1174 2636 etiam
1197 2572 1360 2638 receniora
1384 2584 1467 2638 tem·

284 2715 361 2781 ,uir-,r
385 2688 639 2773 perstruuntur.
687 2674 798 2756 ltaque
823 2677 855 2738 hi
879 2677 1009 2758 quidem
1033 2681 1066 2739 in
1089 2679 1180 2759 longe
1204 2681 1308 2741 nraicc
1332 2675 1465 2742 lentium

284 2791 492 2865 multitudiue
514 2795 546 2849 et
571 2779 723 2841 cartorum
749 2790 918 2842 versantur
934 2800 1030 2861 quam
1050 2781 1209 2863 philologi,
1236 2779 1279 2844 sel
1301 2781 1379 2842 artis
1403 2785 1467 2844 cri-

284 2903 366 2967 qtpqp
388 2882 627 2974 augustioribus
650 2877 716 2941 iorc
740 2878 858 2944 linibus
881 2902 915 2945 se
938 2885 1110 2946 continent.
1159 2885 1202 2945 Ea
1233 2879 1303 2946 eritn
1328 2886 1465 2948 maximo

286 3012 377 3089 pauo
401 3004 547 3063 utuntur.
572 3002 655 3066 quac
679 2983 710 3042 in
736 2983 799 3046 lide
823 2997 1100 3048 monumentorum
1124 2983 1327 3063 investienda
1351 3006 1464 3050 versa-

286 3120 339 3175 tur
361 3114 392 3169 ot
416 3120 456 3164 ot
481 3088 628 3179 pluriluts
655 3084 801 3147 ciusdem
830 3091 1024 3151 auctoritatis
1053 3092 1136 3152 iuter
1164 3111 1198 3153 se
1222 3091 1464 3168 dscrepantibus

285 3198 555 3293 quomadmodum
580 3207 691 3251 rorum
715 3200 858 3252 eruatur.
895 3191 992 3272 htqui
1015 3192 1055 3254 ad
1079 3193 1158 3254 hauc
1183 3206 1232 3255 ren
1256 3189 1465 3256 vehementer

287 3310 414 3396 ,remiget
446 3304 517 3366 ,titis
548 3293 646 3379 paulis
675 3309 769 3370 usuS,
802 3313 866 3374 qua
896 3294 995 3356 verba
1025 3305 1169 3357 veterum
1201 3298 1336 3357 tororum
1368 3301 1463 3359 resti-

286 3422 431 3480 tuuntur,
481 3404 563 3467 llam·
592 3395 676 3458 cuitu
707 3413 747 3454 ex
776 3395 925 3458 omuibus
954 3398 1083 3458 criticae
1114 3397 1242 3478 partius
1271 3393 1462 3462 firmissimis

288 3513 415 3596 pipam,
437 3496 664 3587 ,errrrptultottdi
681 3506 794 3577 potest,
821 3498 931 3562 eadem
955 3503 1096 3563 animum
1119 3501 1160 3563 ad
1184 3497 1295 3561 rinima
1313 3517 1461 3582 quaeque

288 3624 448 3684 tuoutottttt
471 3603 636 3673 attoutloro
655 3603 819 3679 assuescit,
845 3602 1020 3665 subtilitate
1044 3606 1140 3682 acuit,
1167 3599 1246 3666 tmis
1264 3609 1461 3681 argumentis

290 3723 438 3787 imppp
461 3712 554 3792 rugit.
601 3702 741 3780 hrrcedit,
768 3705 854 3784 quod
877 3708 1032 3768 naturalis
1053 3720 1185 3771 ascenss
1213 3712 1259 3764 est
1282 3723 1300 3765 a
1322 3707 1460 3769 minori-

290 3826 350 3888 turs
372 3819 412 3885 tul
437 3817 570 3881 trutioru.
596 3826 692 3889 quom
714 3807 769 3886 qui
792 3809 990 3889 neglexerit,
1017 3811 1071 3871 vix
1095 3821 1160 3872 reo*
1183 3803 1224 3866 ad
1247 3805 1324 3868 haec
1343 3830 1459 3889 perve-

291 3926 384 3992 mqit,
424 3917 589 3999 Accipiunt
616 3911 712 3991 igitur
732 3910 873 3973 historici
898 3932 938 3974 ex
960 3913 1168 3994 philologortn
1190 3909 1314 3986 scholis
1340 3913 1459 3992 quihus

290 4028 532 4113 qttttllscutuquc
555 4013 753 4096 antiquitatis
776 4013 859 4075 liber
882 4016 1072 4079 emendatur
1093 4022 1309 4090 etenarratur,
1335 4021 1460 4079 severi-

290 4143 386 4197 ttttotu
411 4139 443 4192 ot
464 4130 640 4189 utcttrutam
657 4115 853 4195 diligentiam
878 4120 910 4180 in
931 4119 1070 4182 lontibus
1095 4130 1180 4182 esum
1204 4124 1235 4175 el
1259 4118 1337 4196 ipsis
1362 4120 1458 4184 renus

290 4233 388 4314 gome
410 4224 600 4302 tractandis,
625 4238 752 4302 quoque
779 4223 960 4283 accuratius
990 4223 1048 4284 hac
1077 4215 1225 4294 rseipttna
1253 4220 1302 4281 usi
1325 4221 1454 4304 luerint,

290 4356 327 4401 oo
351 4334 456 4399 tulttus
477 4328 518 4393 tul
541 4344 636 4407 rogas
657 4323 820 4404 opiniones
849 4333 881 4384 et
904 4323 1024 4387 fallacia
1048 4329 1212 4395 ammenta
1235 4323 1453 4400 prolabentur.

377 4436 613 4501 lloutoustrasse
637 4426 713 4490 mihi
730 4423 840 4488 videor
855 4427 904 4487 νβ’
1005 4430 1057 4491 ime
1068 4421 1139 4482 usui
1158 4420 1223 4484 lore
1247 4427 1342 4488 etiam
1366 4429 1457 4493 theo.
