3068 5114
281 364 304 430 4
698 375 730 435 lu
753 375 904 437 Cornucio
928 378 1044 436 Nnrore

280 564 450 625 Rothianae
473 574 545 644 apte
560 533 742 643 dispositam
759 564 895 625 babeant
917 574 948 625 et
970 565 1024 643 qui
1041 565 1124 626 hunc
1139 565 1278 627 laborem
1294 563 1457 643 defugient

280 667 365 746 quod
388 668 462 727 satis
485 669 525 727 sit
548 669 579 726 in
604 668 704 727 Rothii
735 669 994 729 commentatione
1019 687 1099 748 quac
1128 679 1175 730 est
1204 668 1244 729 de
1273 668 1455 729 auctoritate

280 768 422 832 codicum
447 771 565 849 possint
589 772 743 831 invenire.

253 899 267 940 2
366 871 456 944 Quod
479 873 574 952 igitur
598 873 630 934 in
653 873 814 953 plerisque
837 883 979 935 veterum
1002 875 1190 954 scriptorum
1213 874 1303 935 libris
1324 875 1378 953 qui
1402 893 1457 933 ae-

280 985 374 1035 tatem
404 976 545 1036 tulerunt
575 974 659 1036 idem
682 977 714 1037 in
739 977 881 1038 Cornelio
904 978 1023 1057 Nepote
1051 996 1112 1038 usu
1133 979 1236 1055 venit,
1270 986 1305 1037 ut
1333 975 1457 1036 codices

278 1098 386 1139 omnes
410 1080 464 1156 qui
488 1089 660 1157 supersunt
688 1100 728 1140 ex
758 1100 819 1141 uno
842 1080 946 1158 aliquo
975 1081 1051 1140 satis
1080 1081 1198 1140 recenti
1221 1080 1370 1158 vitiisque
1393 1098 1455 1138 non

278 1182 386 1261 paucis
409 1190 440 1241 et
464 1182 584 1242 lacunis
600 1181 773 1243 deformato
795 1192 971 1244 orerentur.
1021 1184 1067 1242 Ex
1083 1182 1141 1243 hoc
1164 1182 1269 1243 codice
1286 1183 1340 1260 qui
1361 1181 1455 1260 periit

279 1283 340 1343 duo
364 1284 417 1343 alii
440 1293 513 1343 sunt
529 1283 626 1361 ducti,
652 1304 786 1364 quorum
809 1287 890 1346 alter
904 1295 952 1345 est
967 1286 1021 1364 qui
1044 1296 1202 1364 tamquam
1219 1285 1328 1364 plures
1351 1294 1456 1343 essent

278 1386 461 1445 llaniolinus
478 1395 508 1445 et
525 1385 709 1448 Gilanianus
730 1389 908 1468 appellatur
930 1397 961 1448 et
983 1387 1067 1449 unde
1084 1388 1239 1468 permulta
1263 1388 1294 1446 in
1318 1385 1455 1446 editione

279 1489 480 1548 Ultraiectina
503 1499 534 1548 et
559 1490 758 1551 simulatione
783 1490 942 1551 leidensis
972 1490 1136 1552 cuiusdam
1165 1489 1281 1550 codicis
1307 1489 1454 1569 (primum

280 1591 398 1672 vocant)
427 1593 457 1651 iu
482 1594 697 1653 commenticia
720 1595 789 1655 eius
812 1595 974 1655 collatione
996 1595 1114 1674 prolata
1137 1603 1221 1654 sunt.
1253 1592 1355 1670 Atque
1372 1592 1455 1651 lianc

278 1693 435 1772 codicem,
477 1696 531 1774 qui
572 1696 695 1757 saeculo
728 1696 939 1758 sextodecimo
973 1716 991 1757 a
1024 1695 1239 1777 compluribus
1275 1694 1456 1754 hominibus

278 1796 377 1857 doctis
400 1806 544 1858 versatus
567 1797 659 1859 hodie
690 1798 805 1860 frustra
828 1801 990 1879 quaesitus
1014 1810 1078 1879 est,
1113 1800 1202 1878 longe
1232 1799 1328 1858 altero
1357 1816 1456 1876 prae-

277 1902 460 1961 stantiorem
490 1900 586 1962 luisse
617 1921 687 1962 oum
717 1902 831 1964 menda
863 1903 1020 1983 permulta
1049 1912 1114 1964 tum
1144 1901 1286 1963 deiectus
1314 1901 1454 1961 omnium

279 2005 473 2084 reliquorum
502 2004 645 2066 codicum
674 2004 891 2067 demonstrant
918 2025 999 2086 quae
1030 2026 1068 2067 ex
1096 2008 1153 2066 hoo
1181 2003 1287 2066 codice
1316 2013 1453 2064 correcta

278 2117 352 2168 sunt
374 2119 405 2169 et
428 2107 601 2191 expleta*).
649 2109 773 2170 Etenim
797 2109 849 2170 ille
872 2110 951 2171 alter
979 2109 1079 2170 codex
1100 2128 1194 2189 quem
1225 2128 1264 2169 ex
1286 2107 1454 2188 archetypo

278 2211 408 2272 ductum
431 2211 586 2291 diximuS,
622 2213 677 2292 qui
711 2215 786 2273 item
815 2215 949 2274 amissus
980 2222 1043 2292 est,
1080 2213 1148 2274 lons
1181 2213 1285 2272 extitit
1314 2211 1455 2271 omnium

280 2315 471 2393 reliquorum
508 2314 649 2376 codicum
683 2325 834 2395 quotquot
862 2315 966 2378 adhuc
998 2326 1125 2395 praeter
1154 2314 1352 2375 Danielinum
1381 2324 1456 2374 sunt

278 2419 429 2496 inspecti,
462 2420 546 2497 iique
576 2420 650 2480 item
680 2438 738 2498 pec
767 2418 845 2482 duos
875 2419 998 2481 codices
1027 2439 1067 2480 ex
1097 2419 1148 2478 illo
1177 2417 1338 2498 propagati
1367 2427 1451 2494 sunt,

277 2539 409 2600 quorum
443 2521 523 2581 alter
556 2532 717 2602 superest,
751 2521 1065 2603 Guelpherbytanus,
1105 2522 1237 2582 alterum
1271 2521 1325 2599 qui
1360 2521 1455 2598 periit

278 2624 496 2686 communibus
531 2635 706 2686 ceterorum
742 2624 883 2688 codicum
918 2627 1039 2687 lacunis
1074 2625 1208 2704 aliisque
1230 2624 1315 2684 vitiis
1337 2623 1455 2703 quibus

277 2728 334 2786 soli
357 2728 539 2789 Danielinus
560 2738 592 2789 et
614 2728 910 2810 Guelpherbytanus
940 2730 1096 2789 immunes
1122 2738 1195 2788 sunt
1224 2728 1450 2805 cognoscimus.

279 2830 354 2891 lnde
383 2833 468 2910 origo
503 2831 647 2894 codicum
676 2831 828 2893 trifariam
856 2831 1019 2895 dividitur.
1082 2833 1158 2892 Nam
1187 2850 1225 2890 ex
1256 2849 1318 2890 uno
1347 2830 1454 2892 codice

278 2937 337 2994 orti
366 2944 439 2996 suut
469 2936 697 3015 Sangallense,
722 2935 856 2997 Urbinas
885 2956 1016 2998 numero
1045 2954 1220 3012 ccccxxxvi,
1251 2934 1451 3014 Faesulanus²

278 3036 505 3098 Ottoloonianus
535 3058 665 3100 numero
694 3058 840 3118 mcccciv,
868 3038 1103 3100 Alexandrinus
1132 3057 1262 3099 numero
1289 3056 1452 3115 nocnxvm,

279 3141 445 3201 Patavinus
468 3144 575 3221 etqui
599 3141 638 3202 ad
661 3141 836 3203 deteriores
858 3142 997 3204 deilectit
1019 3143 1225 3216 Monacensis3
1258 3159 1298 3201 ex
1319 3140 1379 3200 alio
1402 3160 1454 3200 co-

278 3244 365 3305 dices
388 3245 509 3324 collegii
528 3247 657 3306 Romani
681 3255 713 3306 ct
728 3248 895 3306 Savaronis
921 3239 1025 3328 (atque
1049 3247 1132 3307 inter
1155 3247 1230 3306 baec
1253 3243 1315 3305 duo
1339 3263 1453 3323 genera

279 3348 439 3409 Leidensis
462 3349 621 3411 secundus
644 3359 675 3409 et
696 3350 864 3411 Vossianus
886 3351 1008 3429 primus
1038 3351 1079 3410 ita
1103 3349 1252 3410 fluctuant
1281 3358 1314 3408 ut
1345 3349 1397 3408 illo
1422 3350 1453 3407 in

346 3646 369 3708 l)
393 3644 472 3707 [llaec
484 3645 514 3693 de
531 3645 635 3692 erectiore
653 3645 785 3705 archetypi
797 3646 941 3707 propeque
955 3645 1059 3704 prototo
1077 3656 1111 3692 ce
1120 3646 1197 3704 porte
1213 3643 1380 3691 retractando
1398 3655 1454 3691 esse

276 3737 335 3792 post
354 3733 464 3780 codicem
483 3731 636 3779 l’arccoscm
653 3736 785 3791 repertum
804 3732 974 3791 lt'ipperdcios
991 3730 1115 3779 intellexit
1133 3734 1157 3777 et
1175 3730 1201 3778 io
1219 3728 1382 3790 praefatione
1401 3729 1453 3776 Ne-

276 3821 344 3878 potis
362 3831 387 3866 a.
412 3820 474 3865 teor
493 3819 618 3878 recoquiti
641 3817 751 3865 bretiter
773 3819 871 3865 euanuit
894 3819 946 3865 ita:
983 3816 1049 3863 Anto
1068 3828 1167 3863 annum
1187 3827 1312 3864 uocantur
1335 3816 1453 3877 optimae

280 3903 406 3952 codicum
426 3902 542 3951 lumiliac
561 3902 678 3951 Cornelii
698 3903 809 3966 Nepotis
830 3905 911 3952 testes
929 3900 1096 3950 habebamus
1115 3900 1285 3949 Datiielinum
1302 3901 1360 3948 sive
1379 3899 1453 3949 Gila—

280 3991 390 4039 uiauum
413 3991 491 4051 (unus
509 3990 582 4038 enim
602 3987 686 4038 codex
709 3987 778 4050 luit),
800 3989 958 4038 Leidensem
977 3986 1112 4048 Boecteri,
1136 3987 1282 4036 editionem
1302 3986 1453 4036 Ulli-eiecti-

280 4089 353 4134 na1u;
375 4090 490 4138 quocum
506 4076 648 4139 scripturis
660 4075 865 4137 diligentissime
884 4074 1005 4124 collectis
1023 4073 1174 4123 rectissimo
1194 4074 1295 4123 iudicio
1313 4086 1378 4122 usus
1397 4076 1453 4122 erat

280 4163 391 4211 Carolus
410 4163 564 4211 Ludovicus
583 4162 695 4212 Rothius
715 4198 834 4212 .....
866 4161 961 4210 Eidem
980 4160 1101 4222 contigit,
1122 4164 1151 4209 ut
1168 4161 1250 4209 huius
1267 4159 1384 4210 lanuliae
1403 4175 1453 4209 no-

281 4263 343 4297 ram
364 4252 456 4296 testem
478 4249 586 4297 liovsnii
608 4250 755 4309 inveniret,
776 4248 899 4298 codicem
917 4249 1090 4307 Pacccnsem3
1116 4249 1193 4297 cuius
1212 4247 1385 4298 collationem
1404 4248 1453 4297 od-

279 4334 343 4384 ditls
356 4335 462 4383 ‹luabas
478 4336 621 4399 scripturis
637 4335 741 4384 codicis
755 4336 872 4384 Batavici
890 4334 1011 4383 eiusdem
1028 4335 1143 4397 generis,
1162 4334 1195 4384 ad
1209 4348 1288 4398 quem
1306 4334 1452 4384 editionem

280 4421 476 4470 Ultraiectinam
500 4425 621 4469 coactioni
645 4435 704 4470 esse
727 4436 742 4469 a
768 4424 867 4470 lonnne
888 4421 978 4470 Cauco
1001 4421 1135 4484 sagaciter
1158 4424 1288 4482 coniecit,
1318 4423 1344 4470 in
1369 4422 1453 4471 Musei

279 4508 399 4557 Rhenanl
420 4508 556 4557 volumine
575 4512 671 4556 octavo
689 4507 859 4571 publicavit]
