3068 5114
506 361 690 405 conrtumuu
715 362 831 404 nanim.
1183 328 1256 400 579

70 529 308 592 tractandarum
333 533 498 610 minuitur,
523 552 595 593 cum
618 551 680 593 non
704 551 823 612 paucae
847 533 920 609 sint,
946 531 986 592 dc
1011 531 1128 610 quibus
1149 535 1255 594 Latine

69 632 188 711 dicere,
215 635 242 695 si
266 636 392 696 omnino
415 637 498 711 licet,
525 635 744 697 difficillimum
768 637 809 696 sit
832 644 864 696 et
887 633 1176 715 impeditissimum.

158 737 240 798 llaec
271 738 347 797 mibi
377 739 410 799 in
440 749 578 800 mentem
609 737 781 799 veniebant
812 747 920 799 contra
949 748 1091 799 veterem
1122 757 1252 815 morem,

67 856 144 898 cum
166 838 244 898 mihi
268 839 366 901 invito
389 842 421 900 io
439 842 522 902 huno
538 841 638 903 looum
655 839 922 921 progrediendum
946 849 1039 911 esset,
1065 841 1156 919 quia,
1182 859 1253 901 oum

68 941 190 1021 collega
212 943 269 1003 hoc
290 941 427 1005 officium
444 943 655 1024 deposuisset,
680 962 764 1005 unus
787 945 870 1003 inter
885 942 1060 1016 ordinarios
1076 943 1254 1026 philologus

68 1062 258 1124 supereram
281 1056 311 1107 et
334 1066 450 1110 novum
473 1049 638 1108 consilium
661 1048 814 1126 temporis
832 1046 988 1108 brevitate
1012 1045 1250 1108 excludebatur.

69 1148 182 1228 Neque
205 1158 310 1210 tamen
334 1150 391 1211 hoc
413 1152 489 1212 mihi
512 1170 633 1231 arrogo,
661 1159 695 1212 ut
718 1151 797 1211 meis
820 1149 1016 1229 argumentis
1038 1168 1104 1210 rem
1128 1148 1254 1211 conlec-

70 1259 135 1312 tam
159 1263 284 1331 putem;
317 1252 391 1329 sed,
423 1274 495 1316 cum
518 1256 682 1316 vacatione
707 1254 847 1314 muneris
871 1250 1041 1314 mutandae
1064 1254 1109 1314 rei
1134 1253 1253 1314 occasio

69 1363 104 1414 ct
126 1357 346 1435 opportunitas
373 1355 476 1419 oblata
499 1359 557 1435 sit,
591 1358 648 1435 iis,
680 1375 779 1437 penes
802 1375 881 1435 quos
904 1357 1013 1417 harum
1039 1373 1144 1417 rerum
1167 1355 1254 1417 arbi-

68 1460 166 1518 trium
197 1468 259 1536 est,
292 1459 372 1521 banc
394 1461 609 1539 quaestionem
638 1458 876 1540 disceptandam
906 1457 1125 1528 commendare
1154 1460 1250 1520 volui.

69 1561 132 1633 Qui
154 1563 181 1622 si
204 1572 310 1624 contra
333 1582 383 1624 me
405 1565 657 1643 pronuntiarint,
691 1563 762 1643 plus
784 1562 903 1624 vidisse
931 1581 985 1624 eos
1006 1581 1100 1642 quam
1128 1582 1178 1623 me
1201 1563 1252 1624 iu·

67 1663 192 1727 dicabo.
223 1665 332 1745 Neque
355 1667 439 1727 enim
462 1666 595 1728 nimium
618 1667 817 1746 antiquitatis
840 1684 977 1728 amorem
1001 1667 1033 1726 in
1057 1666 1115 1728 hac
1137 1653 1250 1728 nostra¹

65 1766 230 1830 academia
253 1787 380 1847 vereor,
407 1771 497 1831 ouius
519 1770 691 1850 praecipua
714 1770 899 1849 gloriaest,
925 1768 1010 1848 quod
1032 1769 1097 1832 dux
1124 1788 1251 1849 semper
1266 1798 1292 1838 ιο

69 1871 130 1934 luit
158 1882 189 1933 et
222 1870 374 1951 signifera
404 1871 443 1934 ad
474 1874 617 1935 veritatis
651 1884 682 1934 et
711 1871 868 1935 libertatis
897 1872 976 1934 fines
1009 1871 1246 1953 propagandos;

65 1994 216 2056 quaeque
248 1975 323 2037 alibi
353 1978 385 2036 in
415 1977 522 2038 multis
545 1976 642 2038 rebus
665 1976 843 2056 periculosa
864 1975 931 2036 visa
963 1984 1009 2036 est
1032 1973 1179 2050 libertas,
1214 1996 1251 2038 ea

70 2080 121 2140 hic
144 2097 270 2158 semper
292 2079 525 2159 aprincipibus
547 2080 662 2140 nostris
685 2078 940 2141 clementissimis
956 2076 1250 2159 liberalissimisque

68 2192 209 2262 protecta
232 2192 290 2243 est,
446 2190 461 2223 ¹
