3068 5114
644 355 673 442 lx
699 354 848 414 Coaxrmo
873 353 988 413 Narem

774 1588 859 1680 11:⁴³)

297 1875 424 1982 Thras.
447 1918 474 1994 l,
499 1919 523 1995 l,
551 1916 606 1977 ubi
632 1918 663 1976 in
687 1916 793 1978 codice
817 1916 986 1996 archetypo
1010 1917 1163 1996 scriptum
1186 1917 1246 1979 luit
1269 1927 1300 1979 ct
1322 1928 1418 1980 antea

226 2043 244 2083 a
268 2041 318 2082 me
342 2040 469 2100 quoque
493 2019 615 2080 editum
639 2020 675 2081 Si
697 2037 756 2099 per
778 2038 810 2080 sc
839 2021 937 2080 virtus
964 2020 1029 2080 sine
1055 2018 1185 2098 fortune
1210 2020 1418 2101 ponderanda

227 2127 281 2198 tit,
313 2122 433 2201 dictito,
467 2142 508 2183 ott
531 2122 611 2183 lotoe
630 2123 765 2203 primam
789 2123 921 2182 omttt'ttm
941 2140 1071 2201 portam,
1105 2131 1213 2202 postea
1242 2141 1283 2184 ex
1305 2121 1417 2185 codice

227 2226 391 2289 Axeniano
420 2227 527 2305 recepi
555 2225 756 2306 ponderando
784 2232 848 2300 cst‚·
879 2223 964 2303 quod
994 2244 1065 2285 cum
1089 2225 1313 2287 Fleckeisenus
1341 2246 1419 2306 pro-

227 2330 351 2410 basset,
391 2330 465 2409 quia
498 2347 591 2390 causa
626 2329 712 2389 nulla
748 2327 859 2388 luisset
889 2329 1000 2408 Nepoti
1038 2329 1232 2389 coniunctivi
1262 2329 1417 2409 ponendi,

227 2433 305 2495 mihi
329 2433 566 2494 coniunctivum
590 2432 716 2491 omnino
740 2448 857 2510 ponere
887 2449 948 2491 non
973 2433 1112 2511 potuisse
1136 2432 1224 2492 risus
1248 2441 1306 2492 est.
1353 2432 1418 2493 Ne·

228 2554 291 2615 que
315 2536 400 2595 enim
424 2534 487 2595 ullo
512 2532 601 2594 modo
624 2532 759 2594 dubium
783 2533 812 2594 ei
836 2552 905 2595 esse
929 2542 1061 2613 poterat,
1088 2534 1166 2612 quin
1190 2535 1222 2594 in
1245 2535 1420 2596 aestiman-

228 2637 278 2699 dis
302 2635 485 2699 hominibus
500 2638 602 2697 virtus
624 2636 688 2697 sola
712 2637 780 2696 sine
806 2635 928 2696 fortuna
945 2634 1148 2716 ponderanda
1172 2647 1266 2698 esset.
1303 2637 1419 2699 Contra

229 2741 424 2801 Dietschium
448 2759 510 2800 non
534 2738 672 2819 disputo.

316 2841 410 2902 Paulo
435 2851 505 2921 post
527 2860 672 2920 magnam
696 2842 901 2902 offensionem
918 2840 1077 2903 habebant
1093 2842 1171 2903 haec
1187 2841 1300 2903 verba:
1338 2844 1420 2904 Nom

230 2943 309 3025 quod
333 2944 421 3005 tuttltt'
442 2945 605 3005 coiecerunt
629 2946 781 3025 pou-cique
802 2951 965 3024 pot-uetaret
986 2944 1024 3004 ab
1049 2964 1107 3005 uno
1131 2953 1260 3025 tyranno
1280 2947 1424 3026 patrium

230 3046 372 3125 liberere,
399 3045 469 3107 ltut'c
492 3048 623 3128 coatipt't,
649 3056 682 3108 ut
704 3067 795 3107 cxxx
818 3065 994 3127 oppressam
1018 3051 1159 3127 tyremtt's
1182 3067 1197 3108 c
1219 3049 1364 3110 servitute
1388 3051 1421 3110 t'e

230 3149 397 3211 libertatem
421 3149 601 3211 *ot'odicoret
649 3151 705 3210 llic
721 3151 939 3230 Heusingerus
961 3150 1040 3230 qaod
1062 3152 1250 3230 particulam
1273 3171 1344 3213 esse
1367 3153 1421 3213 iu-

231 3253 359 3314 dicavit.
400 3253 515 3314 Verum
538 3251 734 3332 ubicumque
765 3255 963 3314 enuntiatum
987 3255 1161 3334 particulae
1185 3254 1264 3334 quod
1285 3253 1424 3316 adiunc-

231 3367 298 3417 tum
322 3358 364 3416 ita
381 3357 604 3436 praemittitur,
628 3366 664 3417 ut
680 3355 832 3435 deinceps
855 3355 895 3418 de
919 3376 953 3417 re
978 3359 1029 3417 illo
1052 3357 1215 3418 enuntiato
1239 3358 1337 3419 relata
1360 3359 1423 3419 ali-

231 3457 309 3538 quid
334 3457 474 3533 dicatur‚
508 3459 589 3518 hanc
619 3477 685 3519 rem
719 3461 762 3519 ita
793 3465 1003 3539 comparatam
1034 3478 1103 3519 esse
1132 3478 1263 3520 necesse
1287 3469 1351 3538 est,
1386 3470 1423 3521 ut

231 3580 324 3621 causa
347 3559 388 3622 dc
412 3581 447 3622 ea
471 3560 599 3622 dicendi
625 3560 737 3622 luerit:
771 3562 864 3623 aliter
887 3563 971 3623 enim
1001 3563 1145 3641 ineptum
1169 3572 1237 3624 erat
1260 3561 1300 3623 dc
1324 3581 1360 3624 ea
1386 3583 1422 3625 re

232 3664 306 3725 (lici.
355 3665 464 3745 ltaque
488 3666 578 3745 longe
603 3666 747 3746 piurimis
777 3666 852 3727 locis
880 3666 932 3726 illo
956 3667 1118 3727 enuntiato
1141 3667 1314 3746 particulae
1342 3667 1425 3747 quod

232 3766 380 3829 adiuncto
404 3767 552 3846 refertur,
579 3767 658 3848 quid
682 3770 800 3849 aliquis
821 3771 957 3830 senserit
980 3779 1034 3831 aut
1057 3769 1185 3845 dixerit,
1211 3770 1282 3829 aliis
1304 3787 1363 3848 per
1387 3789 1423 3831 se

234 3870 429 3950 intellegitur
458 3891 523 3932 rem
553 3870 593 3932 ab
626 3872 732 3951 aliquo
769 3891 838 3933 esse
867 3872 1040 3952 prolatam,
1077 3874 1147 3932 aliis
1180 3869 1321 3950 denique
1351 3871 1424 3951 ipse

233 3974 367 4052 scriptor
390 3984 621 4054 commemorat,
649 3974 734 4055 quod
757 3975 851 4035 alicui
876 3975 908 4034 in
931 3984 1070 4036 mentem
1088 3976 1198 4035 venire
1216 3993 1307 4053 posse
1330 3984 1424 4054 putet

235 4075 404 4154 eiusmodi,
439 4088 474 4139 ut
503 4076 543 4137 ad
573 4096 641 4137 eam
666 4097 732 4137 rem
762 4076 1018 4157 respondendum
1042 4079 1095 4138 sit.
1143 4078 1206 4138 lam
1235 4075 1275 4138 de
1306 4078 1363 4140 hac
1388 4097 1424 4139 re

234 4178 332 4238 altere
356 4181 530 4258 entrntiato,
557 4178 642 4259 qued
666 4179 889 4259 subsequitur,
920 4191 974 4242 aut
998 4179 1150 4242 iudicium
1174 4179 1333 4260 quoddam
1357 4178 1426 4242 fer-

233 4349 441 4357 --——--—

307 4450 329 4511 ἣ
354 4447 447 4511 {ladem
466 4453 542 4501 schot.
564 4454 612 4503 tto.
635 4468 659 4502 o.
684 4453 815 4516 letalde]
