3076 5122
229 307 303 378 200
701 322 930 383 Eunnnnrramrs

228 512 321 576 candi
352 512 448 594 igitur
477 529 570 573 causa
599 510 792 573 tribunorum
820 512 989 592 ascriptum
1020 522 1084 590 est,
1120 531 1182 574 non
1213 513 1251 574 iis
1281 512 1409 594 quidem

227 616 334 678 verbis
356 615 546 697 quibuscum
569 635 655 678 nunc
678 616 897 695 coniungitur,
923 615 980 677 sed
1003 615 1232 696 superioribus.
1279 618 1410 679 Similli-

227 738 312 781 mum
336 728 384 781 est
406 718 492 799 quod
515 739 542 780 c.
568 717 607 778 53
632 717 917 798 deprehendimus:
950 716 989 781 dt
1011 721 1043 779 in
1065 721 1222 800 superiore
1244 721 1410 782 Germania

228 825 359 885 Caecina
380 823 506 885 decorus
529 824 669 901 iuventa,
702 841 828 902 corpore
850 824 972 905 ingens,
1004 824 1102 884 avntnt
1128 824 1313 901 inmodicus,
1339 826 1410 888 scito

224 946 378 1005 sernmne,
404 934 499 988 erecto
523 927 642 988 incessu
664 925 766 987 studia
787 927 917 987 militum
944 926 1108 988 inlexerat.
1156 929 1244 988 llune
1272 928 1410 990 iuuenem

226 1031 334 1110 Galba,
360 1039 549 1113 quaestorem
564 1031 597 1091 in
611 1031 750 1104 Baetica,
776 1031 904 1113 impigre
919 1031 951 1091 in
963 1037 1071 1111 partes
1089 1049 1164 1093 suas
1181 1039 1410 1115 transpressum

225 1137 335 1219 lepioni
352 1136 540 1216 praeposuit.
574 1134 651 1206 Quis
673 1133 759 1194 enim
782 1135 858 1195 satis
874 1133 1003 1214 quidem
1026 1153 1121 1196 sanus
1145 1154 1228 1215 eum,
1254 1134 1295 1197 de
1319 1137 1410 1199 cuius

225 1241 350 1301 iuuenta
371 1237 462 1300 modo
485 1236 626 1315 dixerat,
661 1237 755 1298 etiam
784 1238 947 1317 superiore
974 1256 1055 1298 anno
1079 1239 1216 1299 iuuenem
1238 1237 1337 1301 luisse
1361 1240 1410 1300 in-

224 1342 418 1405 culcaverit?
460 1339 626 1403 Difficilius
655 1338 854 1421 persuadebo
877 1361 905 1402 c.
932 1341 972 1404 52
997 1361 1036 1402 ex
1060 1341 1109 1402 bis
1135 1341 1258 1403 verbis:
1291 1343 1410 1406 liedditi

219 1445 376 1526 plerisque
398 1443 532 1519 ordines,
556 1445 687 1504 remissa
709 1444 887 1525 tynomtnia,
912 1443 1072 1506 adlevatae
1092 1453 1197 1524 natae,
1221 1446 1319 1526 plrrra
1342 1465 1410 1507 orn-

223 1548 347 1626 bitione,
380 1547 532 1630 quaedam
561 1546 690 1626 iudicio,
729 1546 892 1628 inquibus
920 1547 1026 1610 sordes
1055 1556 1083 1610 et
1112 1550 1278 1610 avaritiam
1308 1552 1410 1612 Fontei

225 1652 380 1734 Capitonis
409 1650 579 1712 adimendis
601 1649 839 1732 adsipnandisve
868 1651 994 1712 militiae
1017 1651 1176 1714 ordinibus
1199 1654 1314 1736 integre
1336 1673 1410 1716 mu-

222 1762 352 1834 taverat,
377 1751 516 1815 tollenda
538 1772 607 1815 esse
631 1752 800 1815 adimendis
823 1753 1061 1837 adsignandisve
1082 1754 1208 1817 militiae
1234 1755 1407 1819 ordinibus.

223 1858 385 1920 Sententia
409 1857 487 1918 haec
509 1855 729 1938 superioribus
751 1855 926 1936 adiungere
950 1856 1054 1919 iubet:
1080 1875 1185 1936 neque
1209 1859 1294 1919 enirn
1309 1859 1410 1920 Vitel-

222 1962 300 2040 lius,
333 1961 388 2041 qui
418 1960 549 2041 gratiam
580 1958 742 2040 captabat,
768 1980 786 2020 a
810 1979 872 2040 quo
895 1959 1035 2022 redditos
1061 1960 1205 2040 ordines,
1243 1964 1408 2025 remissam

222 2065 441 2146 ignominiam,
472 2063 632 2126 adlevatas
660 2073 749 2125 notas
771 2064 865 2145 paula
894 2073 967 2126 ante
991 2066 1125 2127 relatum
1149 2075 1214 2144 est,
1246 2065 1410 2129 ademerat

221 2167 360 2232 ordines.
407 2165 447 2228 m
469 2165 610 2229 sordibus
633 2175 661 2229 et
690 2168 843 2228 avaritiae
865 2167 941 2230 haec
971 2169 1118 2250 coniungi
1149 2177 1317 2249 nequeunt
1345 2172 1408 2233 nisi

222 2271 408 2353 interpositu
439 2271 671 2352 praepositione
695 2271 745 2351 in,
778 2289 872 2350 quam
896 2281 966 2352 post
994 2270 1048 2332 illa
1077 2272 1108 2332 in
1130 2271 1239 2355 quibus
1262 2273 1408 2361 posuisse

221 2377 360 2438 Tacitum
382 2376 438 2436 vix
460 2374 614 2438 credibile
637 2383 695 2437 est.
742 2373 904 2455 Denique,
936 2373 969 2436 id
992 2373 1077 2455 quod
1100 2377 1320 2457 gravissimum
1346 2387 1406 2459 est,

222 2471 392 2561 superiora
406 2499 470 2541 non
493 2481 525 2541 in
549 2479 623 2540 solis
646 2476 813 2540 ordinibus
835 2477 1039 2559 adsignandis
1061 2477 1281 2543 adimendisve
1296 2501 1408 2545 versa-

222 2593 269 2645 tas
293 2602 362 2645 esse
384 2579 493 2645 sordes
517 2591 547 2643 et
569 2583 732 2643 avaritiam
750 2581 909 2662 Capitonis
925 2581 1049 2662 docent,
1075 2581 1242 2644 sedetiam
1267 2585 1298 2646 in
1316 2586 1409 2667 igno-

222 2687 319 2748 minia
342 2688 489 2767 notisque
514 2684 706 2767 infligendis.
753 2685 913 2766 Repetunt
944 2686 1040 2766 igitur
1070 2687 1147 2748 haec
1175 2685 1290 2766 verba,
1325 2708 1408 2770 quae

223 2792 284 2851 iam
307 2787 525 2870 superioribus
547 2808 609 2850 non
632 2789 732 2851 solum
756 2790 969 2870 cognovimus,
994 2789 1052 2852 sed
1074 2790 1202 2872 plenius
1224 2802 1256 2853 et
1278 2811 1409 2857 accura-

222 2895 285 2956 tius
308 2892 522 2974 cognovimus,
549 2894 591 2954 ita
614 2901 660 2972 ut,
686 2893 764 2973 quin
786 2893 891 2955 Tacito
915 2893 1044 2975 indigna
1067 2896 1142 2974 sint,
1168 2880 1318 2976 equidem
1342 2918 1408 2961 non

221 2995 375 3059 dubitem.
424 2995 458 3057 C.
485 2996 524 3056 70
549 2996 626 3058 haec
649 2995 797 3076 leguntur
822 2999 949 3059 Poenino
972 2998 1079 3059 itinere
1104 2997 1326 3082 subsipnanum
1349 3004 1410 3064 mi-

221 3100 301 3162 litem
324 3107 350 3161 et
377 3117 473 3183 pram
496 3101 644 3184 legionum
672 3119 779 3183 a9men
806 3099 942 3163 bibernis
972 3101 1071 3164 adbuc
1093 3099 1219 3183 Alpibus
1247 3103 1406 3169 traduoeit.

220 3202 317 3265 Recte
340 3221 402 3263 non
425 3201 590 3283 ambigunt
611 3204 774 3264 novissimi
800 3205 1002 3285 interpretes,
1029 3205 1107 3285 quin
1126 3204 1333 3290 subsignanus
1349 3214 1409 3273 mi-

219 3306 262 3367 les
292 3307 333 3366 sit
360 3305 566 3386 legionarius,
607 3305 664 3368 sed
695 3307 769 3369 buia
797 3307 979 3388 explicandi
1010 3326 1102 3370 causa
1130 3327 1226 3391 praue
1255 3309 1409 3393 legionum

218 3425 325 3490 cymen
348 3405 431 3471 adici
448 3427 539 3489 posse
562 3408 657 3470 nimia
674 3410 827 3489 patientia
849 3419 1003 3472 statuunt.
1051 3412 1187 3473 Romano
1211 3415 1295 3474 enim
1318 3425 1408 3478 certe

218 3514 337 3576 nemini
360 3511 527 3574 obscurum
552 3521 633 3590 erat,
667 3513 722 3592 qui
752 3523 835 3575 esset
864 3512 1077 3595 subsignanus
1106 3515 1215 3594 miles,
1249 3527 1280 3578 et
1303 3519 1330 3579 si
1353 3521 1407 3581 cui

218 3625 296 3694 orat,
322 3613 454 3676 adiectis
470 3613 578 3676 verbis
600 3622 629 3677 et
642 3633 737 3698 prave
753 3616 900 3699 legionum
916 3637 1024 3700 apmen
1046 3637 1108 3679 non
1124 3617 1307 3700 docebatur,
1333 3621 1404 3697 sed,

166 3720 253 3782 ‘'i'ut
275 3717 506 3799 interpretibus
528 3707 659 3799 aliquot¹
684 3718 808 3798 accidit,
835 3721 867 3781 in
884 3741 956 3783 eum
981 3741 1120 3796 errarem
1141 3721 1354 3786 inducebatur
1369 3737 1408 3790 ut

217 3825 275 3885 hoc
297 3823 456 3903 legionum
479 3841 592 3903 agmen
614 3822 654 3884 ab
677 3821 868 3904 subsignano
892 3825 990 3886 milita
1014 3825 1176 3888 diversum
1200 3837 1337 3907 putaret.
1365 3832 1406 3894 Et

218 3928 343 3988 omnino
366 3945 428 3988 una
453 3945 504 3987 res
528 3928 570 3987 ita
594 3935 716 3989 tantum
734 3925 858 3989 duobus
881 3927 982 3990 modis
998 3928 1130 4008 dicitur,
1156 3931 1182 3991 si
1206 3931 1305 3993 altero
1329 3937 1404 3997 novi

217 4029 340 4112 aliquid
368 4029 509 4091 affertur.
556 4028 640 4102 Quid
677 4030 797 4092 multa?
841 4031 1017 4095 Delendum
1055 4043 1101 4095 est
1129 4034 1289 4117 legionum.
1336 4037 1405 4101 Nan

218 4132 299 4221 vidit
315 4133 370 4213 qui
386 4133 443 4195 boe
458 4134 605 4213 ascripsit
619 4152 714 4216 prave
737 4154 843 4218 cymen
867 4155 936 4197 esse
961 4136 1197 4217 impedimenta,
1223 4149 1258 4200 ut
1274 4138 1315 4200 ab
1331 4160 1402 4204 exc.

219 4236 251 4298 d.
269 4233 350 4317 Aug.
370 4256 390 4297 r.
411 4238 449 4297 tt
467 4236 559 4298 donee
580 4239 681 4299 satier-'i
694 4247 896 4320 quantumque
910 4241 1067 4321 praeieris
1090 4241 1222 4323 agminis
1237 4244 1400 4306 anteirent.

220 4339 254 4400 C.
281 4338 321 4399 87
346 4340 540 4420 reliquorum
563 4339 705 4402 codicum
735 4343 912 4403 testimonia
943 4346 1135 4424 comparanti
1164 4365 1224 4405 non
1255 4347 1317 4407 erit
1340 4346 1403 4408 du-

219 4440 307 4504 bium
331 4443 408 4521 quin
433 4442 465 4502 in
489 4440 597 4504 codice
620 4442 768 4521 Medicas,
794 4447 885 4507 cuius
908 4447 984 4508 haec
1005 4466 1079 4528 pars
1102 4448 1207 4528 periit,
1234 4448 1275 4510 ita
1298 4451 1402 4531 scrip-
