3068 5114
585 335 775 395 Srtctssotcn
799 334 834 396 11.
861 335 891 395 2.
1258 324 1328 398 131

139 533 226 586 terne
249 542 331 584 nicae
354 525 495 597 vestiant,
528 524 556 582 si
581 541 638 602 per
660 521 771 583 bostem
794 522 876 594 licet,
909 542 969 584 non
997 527 1129 586 erraris.
1176 547 1227 588 xn.
1254 530 1284 607 2,
1312 530 1330 588 2

142 630 249 704 Quare
275 626 354 708 quod
386 625 495 687 scribis
524 634 550 687 te
578 608 736 704 confidere
759 627 938 686 anctoritate
974 635 1000 687 et
1027 628 1194 710 eloquentia
1224 642 1330 695 nostra

142 730 260 811 aliquid
282 731 389 809 profici
406 747 511 810 posse,
540 727 693 801 nonnilril,
719 729 806 789 utin
830 730 922 790 tantis
946 730 1051 804 ntolis,
1085 739 1129 794 est
1146 734 1328 815 profectum.

140 853 204 896 xiv.
226 834 255 910 t,
274 833 292 892 5
318 831 404 908 Quod
426 831 467 892 ad
490 849 534 892 me
556 830 664 892 scribis
688 838 715 891 te
739 831 836 891 cicum
860 831 1071 909 uenditarum,
1097 837 1181 916 qnid,
1210 838 1330 902 obsecro

142 947 187 1011 te,
217 936 290 1018 quid
315 935 455 1016 fututum
480 937 545 996 est?
582 937 612 1009 2,
640 935 657 992 3
690 921 786 1008 Quod*
817 934 853 994 de
882 935 967 996 donso
991 936 1116 1012 scribis,
1147 939 1200 1001 boe
1230 951 1273 1004 est
1295 944 1357 1004 dea

143 1059 237 1114 oreo,
270 1058 321 1121 eqo
344 1057 415 1099 cero
439 1045 500 1098 tum
523 1037 650 1118 denique
673 1036 747 1097 nti'lti
770 1036 891 1097 videbor
914 1041 1089 1115 restitutus,
1120 1046 1150 1103 si
1171 1044 1224 1105 illo
1247 1044 1331 1107 nobis

142 1145 202 1204 erit
223 1143 374 1202 restituta.
423 1141 454 1208 3,
480 1141 497 1199 3
527 1140 564 1201 tn
586 1147 646 1200 tulo
670 1140 739 1215 sim,
765 1139 845 1220 quod
867 1140 1002 1216 laboras,
1029 1143 1061 1204 id
1082 1144 1157 1205 milti
1177 1147 1331 1228 111111111-

142 1247 289 1308 cillimum
312 1252 364 1306 est.
413 1245 432 1304 5
457 1244 543 1320 Quod
565 1242 674 1305 scribis
697 1252 733 1322 te,
760 1245 790 1305 si
810 1244 911 1318 celim,
937 1245 978 1306 ad
1001 1264 1047 1307 nte
1069 1256 1248 1325 ceruinam,
1279 1271 1330 1334 eqo

145 1368 217 1410 cero
241 1357 268 1410 le
292 1350 357 1409 istic
380 1366 444 1409 esse
468 1348 544 1408 colo.
592 1367 643 1426 op.
670 1349 688 1405 6
714 1348 800 1422 Quod
827 1356 933 1409 nostra
957 1348 1011 1410 tibi
1039 1353 1158 1432 qratios
1187 1355 1266 1436 oqil,
1300 1355 1331 1416 id

143 1473 195 1535 eqo
218 1471 278 1513 non
301 1455 397 1513 miror
420 1457 446 1511 te
469 1451 587 1526 mereri,
615 1456 648 1510 ut
670 1467 706 1510 eo
728 1449 782 1511 tibi
805 1452 909 1511 ruerito
932 1460 981 1513 tuo
1006 1456 1125 1534 qratias
1148 1476 1238 1539 oqere
1258 1475 1331 1538 pos-

143 1560 193 1619 sit.
230 1557 268 1615 11
293 1553 378 1630 Quod
400 1572 455 1615 nos
479 1555 510 1613 in
526 1553 648 1613 itnliam
672 1553 774 1614 saluos
797 1556 915 1614 venisse
936 1556 1061 1636 qaudes,
1086 1568 1230 1638 perpetuo
1251 1581 1330 1643 qan-

143 1660 217 1720 deas
245 1658 344 1718 celim,
395 1658 432 1716 13
459 1655 545 1730 (laod
573 1657 687 1735 scripsi
715 1655 756 1716 ad
785 1664 811 1717 le
837 1659 992 1736 promissis
1023 1660 1131 1722 litteris
1161 1662 1197 1722 de
1224 1666 1330 1724 nuntio

143 1760 329 1836 remittendo,
355 1761 493 1841 quaesit
517 1760 603 1820 istius
626 1760 672 1819 ais
695 1757 749 1819 boc
771 1766 900 1838 tempore
923 1767 951 1820 et
973 1779 1049 1841 quae
1071 1765 1227 1825 concitatio
1250 1768 1330 1827 mal-

142 1864 298 1933 litudinis‚
326 1865 441 1945 iqnoro.
492 1863 530 1921 19
555 1861 641 1937 Quod
664 1863 1154 1942 11111111111111111111111111,
1181 1869 1264 1930 video
1288 1872 1330 1931 ita

141 1988 207 2031 esse
227 1965 415 2047 faciendum.
450 1983 512 2026 xrs.
538 1966 590 2042 ct,
616 1965 635 2024 2
661 1966 764 2040 Quare
786 1965 864 2045 quod
883 1967 1038 2045 polliceris
1061 1976 1087 2029 te
1109 1969 1329 2034 buca'nalorem

141 2072 210 2152 fore
233 2069 469 2131 eristimatiom's
497 2087 589 2144 meae,
612 2069 699 2148 firmo
724 2067 755 2127 id
776 2070 982 2150 constantique
1005 2073 1105 2132 animo
1124 2072 1226 2152 facias
1249 2076 1326 2138 licet.

143 2175 192 2236 Ad
215 2175 252 2246 Q.
280 2172 318 2232 11.
345 2191 366 2233 t.
392 2173 422 2248 2,
449 2173 467 2230 1
493 2170 578 2247 Quod
607 2178 707 2231 antem
736 2169 846 2230 itlcirco
870 2190 888 2229 a
913 2178 939 2231 te
967 2175 1078 2234 missus
1109 2183 1169 2237 est.
1202 2177 1277 2239 milri
1298 2187 1330 2239 nt

141 2298 176 2341 se
195 2283 356 2358 purqarel,
384 2275 415 2335 id
437 2292 555 2335 necesse
579 2274 700 2333 nu'nime
719 2272 790 2352 fuit.
840 2274 878 2332 11
904 2275 989 2349 Quod
1012 2276 1053 2336 ad
1079 2297 1123 2338 me
1145 2279 1181 2339 de
1205 2283 1331 2343 Hermia

141 2379 271 2452 scribis,
309 2377 383 2438 milri
411 2375 577 2437 orebercule
610 2375 699 2436 valde
728 2376 882 2437 molestum
903 2376 974 2456 fuit.
1023 2396 1055 2439 tt.
1081 2381 1111 2457 2,
1140 2382 1151 2440 t
1182 2383 1267 2457 Quod
1290 2384 1332 2445 od

141 2503 189 2545 nse
211 2483 248 2543 de
263 2481 384 2542 Lentuli
404 2487 432 2541 el
447 2480 539 2540 Sestii
559 2480 679 2539 nomine
701 2480 869 2559 scripsisti,
896 2480 1012 2542 locutus
1034 2499 1101 2543 snm
1124 2502 1190 2544 etim
1215 2486 1327 2548 Cincio.

142 2589 175 2659 8,
203 2587 221 2645 2
245 2583 332 2659 Quod
361 2581 460 2643 idibus
490 2589 517 2642 et
547 2580 695 2661 postridie
721 2580 825 2660 fuerat
859 2580 973 2642 dictum
1002 2582 1039 2644 de
1071 2604 1145 2666 aqro
1177 2587 1330 2668 Campano

142 2697 244 2751 actam
268 2688 319 2761 iri,
345 2704 402 2745 non
428 2693 471 2746 est
494 2691 603 2745 actum.
645 2684 708 2760 9,1
739 2683 824 2758 Ottod
840 2703 886 2745 me
908 2685 1050 2748 admoms
1066 2687 1102 2748 de
1123 2698 1229 2751 nostra
1248 2693 1331 2753 lira-

142 2795 197 2853 nia
219 2789 398 2870 suadesque,
424 2795 458 2848 ut
472 2788 658 2848 meminerim
674 2788 755 2847 11111
773 2788 949 2866 orationem,
974 2808 1051 2870 quae
1073 2799 1117 2852 est
1138 2793 1170 2853 in
1193 2802 1329 2856 eutrerno

143 2895 196 2957 illo
218 2892 313 2966 libro,
347 2909 397 2972 eqo
427 2907 498 2950 vero
528 2890 659 2950 memini.
710 2889 760 2966 te,
786 2889 804 2947 3
831 2889 917 2964 Quod
938 2892 1003 2953 vall
1026 2910 1175 2954 renovare
1203 2894 1330 2959 bonores

143 2996 272 3067 eosdem,
299 3013 356 3075 quo
379 2993 480 3053 minas
502 2999 600 3073 toqam
619 2999 815 3071 prtuteoelom
838 2995 1000 3073 quotannis
1023 2995 1196 3077 interpolet,
1226 2999 1330 3061 decer·-

143 3099 275 3161 nendum
305 3095 381 3157 nibil
409 3113 523 3157 censeo.
573 3112 618 3155 111.
647 3095 673 3172 1,
703 3095 740 3154 ta
771 3097 814 3156 De
836 3095 993 3157 tribunatu
1016 3097 1095 3179 qaod
1116 3100 1240 3174 scribis,
1278 3122 1329 3185 eqo

143 3221 215 3265 aero
238 3201 416 3261 nominatim
435 3198 530 3279 petivi
553 3198 668 3260 Curtio.
717 3199 750 3257 tt
784 3197 848 3258 Tibi
868 3199 947 3279 quod
972 3219 1080 3282 roqas,
1106 3207 1247 3283 quomam
1271 3208 1331 3286 ipsi

141 3305 240 3386 fontes
270 3305 332 3364 iam
360 3303 482 3378 sitiant,
510 3301 539 3361 si
560 3300 633 3382 qnid
654 3299 764 3361 habebo
787 3303 893 3381 spatii,
920 3301 1063 3364 scribam.
1113 3306 1150 3365 11
1176 3307 1263 3381 Quod
1285 3328 1329 3370 me

142 3411 174 3470 in
197 3407 302 3469 eadem
325 3405 451 3486 epistola
473 3403 642 3465 coborluris
665 3402 707 3464 ad
729 3402 919 3465 ambitionem
942 3413 969 3466 11
991 3405 1033 3466 ad
1048 3405 1191 3483 laborem,
1214 3408 1329 3488 faciam

142 3509 297 3593 equidem;
328 3506 382 3569 sed
404 3506 524 3587 quando
548 3507 708 3567 vicanus?
755 3506 791 3566 11
822 3507 865 3567 De
886 3505 981 3569 bortis
1004 3509 1083 3589 qnod
1105 3529 1150 3571 me
1172 3512 1325 3590 admones,

142 3633 196 3676 nec
215 3612 266 3692 sui
286 3629 431 3691 umquam
447 3609 535 3670 coldo
557 3608 686 3689 cupidus
710 3616 737 3669 et
759 3629 840 3670 nunc
855 3608 959 3672 domus
983 3613 1154 3693 suppeditat
1170 3615 1330 3677 111111111-

142 3726 242 3778 torum
265 3715 485 3775 amoenitatem.
535 3713 572 3772 16
598 3711 684 3788 Quod
706 3711 815 3773 scribis
838 3721 864 3773 te
886 3713 1009 3775 audisse
1039 3717 1068 3776 in
1095 3717 1328 3780 corrdidotorum

142 3817 352 3880 consularium
387 3817 511 3876 coitione
544 3834 589 3875 me
623 3814 816 3894 interfuisse,
855 3814 885 3875 id
918 3815 1035 3895 falsum
1069 3826 1123 3879 est.
1176 3820 1211 3880 18
1243 3821 1330 3896 Quod

143 3921 288 3982 interiore
321 3918 446 3999 epistola
481 3915 590 3979 scribis
622 3936 666 3977 me
695 3916 738 3978 id.
765 3918 845 3998 Sept.
874 3919 1009 3998 Pompeio
1039 3920 1169 4002 leqatum
1203 3924 1259 4000 iri,
1299 3924 1330 3985 id

142 4042 192 4105 eqo
220 4041 280 4083 non
312 4020 432 4081 atediei.
486 4020 504 4078 5
528 4029 558 4080 cl
582 4021 611 4085 b,
638 4021 649 4079 1
693 4019 780 4094 Ottod
808 4022 950 4099 quaeris,
986 4022 1059 4101 quid
1085 4023 1121 4083 de
1150 4024 1211 4086 11111
1241 4025 1329 4088 libris

142 4127 272 4207 eqerim,
298 4141 391 4205 quos,
417 4142 485 4183 cum
507 4140 601 4184 essem
625 4124 656 4182 in.
682 4122 833 4196 Cirrnnno,
859 4122 992 4184 scribere
1015 4125 1149 4204 instittn',
1183 4147 1242 4188 non
1265 4147 1330 4190 ces-

142 4229 212 4288 savi
232 4244 327 4307 neque
356 4243 448 4287 cesso.
497 4227 514 4286 1
540 4225 626 4301 Ottod
654 4243 699 4285 me
726 4225 762 4285 de
790 4224 930 4288 versibus
957 4226 1109 4306 fact'endis
1139 4248 1246 4311 roqas,
1281 4232 1330 4292 in-

141 4328 284 4392 credibile
311 4336 366 4404 est,
391 4346 482 4409 quam
505 4346 606 4410 eqeom
629 4335 770 4407 tempore.
818 4328 849 4401 8,
876 4329 893 4386 3
920 4330 1006 4404 Quod
1029 4348 1074 4391 me
1096 4332 1265 4394 institutum
1289 4335 1330 4393 od

142 4434 227 4494 illum
248 4443 357 4514 poema
380 4429 464 4492 iubes
484 4431 646 4510 perficere,
681 4432 738 4491 etsi
765 4430 913 4492 distentus
936 4451 1003 4493 cum
1026 4451 1118 4513 opero
1143 4443 1206 4496 tum
1228 4437 1329 4496 animo
