3068 5114
548 370 738 429 Srrcurorou
761 369 797 428 ll.
825 369 857 428 l,

648 1596 748 1689 irc)

182 1879 259 1997 Ag.
287 1920 315 1997 l,
342 1920 361 1980 ἓ
385 1938 456 1980 cum
480 1918 557 1979 haec
580 1920 613 1980 in
637 1919 798 1982 codicibus
822 1921 1017 1999 legerentur:
1058 1923 1124 1983 Mos
1147 1930 1192 1983 est
1213 1922 1290 1982 enim

112 2041 131 2080 α
154 2021 322 2082 mororu'lms
345 2023 590 2083 Lacedaemoniis
614 2023 758 2098 traditus,
783 2030 817 2083 ct
839 2023 913 2083 duos
935 2023 1079 2084 luberent
1100 2043 1219 2104 semper
1240 2042 1292 2084 re-

111 2141 174 2204 yes,
200 2122 254 2184 diu
279 2127 455 2204 repugnavi
479 2125 688 2200 Fleckeiseno,
713 2126 768 2205 qui
786 2126 934 2204 Philologi
959 2144 999 2186 tv.
1019 2128 1080 2185 399
1105 2135 1148 2187 est
1171 2128 1203 2186 in
1226 2136 1293 2187 erut

111 2225 299 2287 mutandum
324 2227 487 2288 iudicavit.
526 2230 593 2289 Una
616 2230 694 2290 ratio
717 2228 851 2289 traditae
874 2230 1049 2309 scripturae
1073 2227 1291 2289 defendendae

111 2338 192 2408 erat,
218 2348 312 2409 quam
337 2331 405 2410 inii,
432 2341 465 2392 ut
487 2339 533 2392 est
554 2331 687 2392 traditus
716 2331 892 2412 perlectum
918 2332 1099 2392 historicum
1130 2333 1292 2391 existima-

113 2443 211 2494 retur.
255 2435 371 2495 Verum
406 2455 446 2495 ne
477 2435 509 2496 id
533 2434 663 2514 quidem
694 2435 768 2495 lerri
797 2454 888 2515 posse
917 2435 1065 2496 intellexi.
1115 2435 1191 2495 Nam
1220 2453 1290 2495 cum

112 2537 224 2616 Nepoti
247 2539 443 2617 propositum
472 2556 533 2598 nou
558 2549 656 2615 essct,
689 2547 724 2598 ut
746 2535 787 2598 de
811 2538 940 2616 regibus
964 2536 1287 2616 Lacedaemoniorum,

113 2639 170 2700 sed
200 2650 236 2701 ut
259 2640 298 2701 de
328 2643 529 2703 contentione
552 2641 689 2721 Agesilai
719 2659 789 2702 cum
814 2639 999 2722 Leotychide
1030 2651 1215 2721 exponeret,
1243 2643 1291 2701 vi-

111 2743 180 2805 deri
203 2762 265 2804 non
288 2755 392 2825 potest
415 2745 455 2806 de
480 2746 541 2806 illis
564 2747 606 2806 ita
630 2763 785 2821 narrasse,
811 2754 847 2805 ut
868 2745 947 2805 hanc
970 2746 1201 2806 contentionem
1223 2763 1292 2806 om-

112 2849 187 2908 nino
209 2865 272 2908 nou
295 2849 478 2929 respiceret,
504 2849 560 2910 sed
582 2867 646 2929 quo
668 2859 752 2910 statu
776 2858 806 2910 et
829 2847 1013 2910 condicione
1034 2859 1113 2928 tum,
1143 2867 1214 2911 cum
1238 2848 1291 2910 illa

111 2953 271 3012 contentio
292 2961 453 3030 oreretur,
481 2953 566 3030 regia
589 2961 726 3034 potestas
749 2949 878 3032 luisset,
910 2952 1084 3033 explicasse
1114 2950 1292 3013 censendus

112 3063 171 3114 cst.
218 3055 327 3135 ltaque
351 3055 490 3134 reliquas
513 3074 640 3135 quoque
664 3075 729 3133 res,
759 3075 840 3135 quae
864 3055 1015 3136 deinceps
1044 3074 1292 3117 commemoran-

111 3166 174 3236 tur,
200 3159 244 3218 ita
267 3156 380 3218 relerri
405 3157 567 3238 videmus,
592 3169 627 3219 ut
650 3159 727 3219 llaec
750 3160 906 3220 contentio
930 3160 1128 3239 respiciatur,
1155 3169 1208 3219 aut
1231 3160 1292 3219 im-

111 3261 250 3341 perfecto
271 3271 325 3322 aut
349 3261 657 3342 plusquamperfecto
680 3264 792 3342 posito.
841 3263 952 3341 Neguri
977 3272 1081 3323 tamen
1104 3281 1165 3323 non
1189 3271 1291 3342 potest

115 3366 222 3444 (atque
243 3384 281 3425 ee
304 3365 371 3444 ipsa
395 3383 446 3425 res
469 3383 630 3425 assensum
655 3383 759 3426 meum
782 3375 938 3426 remorata
961 3365 1017 3448 est)
1046 3385 1107 3425 non
1138 3366 1214 3425 satis
1241 3367 1292 3425 iu-

95 3468 228 3547 ·tellegi‚
256 3467 411 3548 quomodo
434 3475 478 3529 est
501 3487 539 3528 ex
563 3477 630 3529 erat
652 3478 755 3530 ortum
778 3470 830 3530 sit.
878 3470 958 3529 Fieri
991 3470 1089 3548 igitur
1110 3478 1230 3549 potest,
1256 3478 1291 3530 ut

112 3573 213 3652 Nepos
229 3573 393 3652 scripserit
409 3574 474 3634 llos
489 3574 567 3632 enim
583 3591 602 3632 o
617 3572 785 3632 moiorrlmr
800 3572 1044 3633 lacedaemoniis
1059 3580 1127 3633 erat
1146 3571 1288 3647 traditus,

112 3686 142 3737 et
164 3695 236 3737 curn
259 3684 328 3738 erot
348 3675 389 3736 ob
411 3674 654 3737 similitudinem
670 3677 884 3756 proximarum
906 3675 1083 3737 litterarum
1107 3674 1288 3750 excidisset,

112 3777 308 3859 supplendae
329 3780 481 3840 orationis
511 3798 603 3840 causa
634 3787 678 3840 est
706 3778 864 3840 adiectum
892 3780 943 3839 sit.
991 3779 1138 3840 Ceterum
1168 3781 1194 3840 si
1219 3780 1291 3859 quis

111 3881 253 3943 codicum
275 3883 465 3962 scripturam
496 3883 538 3943 ita
561 3902 594 3942 se
617 3881 790 3944 defendere
820 3902 921 3963 posse·
940 3882 1139 3961 opinaretur,
1171 3893 1206 3943 ut
1228 3884 1291 3943 Ne-

110 3995 215 4065 potem
239 3985 290 4046 hic
320 3986 350 4045 in
381 3986 517 4046 similem
547 4004 687 4046 errorem
720 3985 868 4045 incidisse
897 3995 1049 4045 statueret
1079 3995 1173 4064 atque
1198 3986 1286 4046 Paus.

111 4090 140 4166 3,
166 4090 197 4166 5,
224 4087 279 4149 ubi
312 4090 438 4169 scripsit
461 4091 541 4150 Licet
570 4090 648 4149 caim
677 4088 791 4170 lepidus
819 4107 924 4148 eorum
952 4086 1285 4168 (Lacedaemoniorum)

110 4195 206 4254 cuivis
228 4191 338 4272 ephoro
359 4191 413 4253 ltoc
431 4192 537 4273 fecere
558 4193 634 4283 reci,
662 4190 737 4253 lalso
761 4192 849 4253 illum
873 4209 1011 4252 errorem
1041 4191 1175 4252 similem
1206 4190 1290 4252 iudi-

112 4383 315 4392 ——-.—-—.-—

177 4500 202 4565 ⁶)
226 4501 319 4565 [tndem
336 4502 415 4552 eolat.
436 4505 501 4552 aaa.
521 4515 547 4551 e.
569 4498 656 4563 tatu]
