3068 5114
565 327 754 386 Srrcnromu
777 342 926 386 curriculi.

719 1462 769 1532 ΙΙ.

254 1717 319 1823 Ex
344 1760 453 1821 eodem
484 1759 591 1820 codice
619 1759 704 1820 unde
733 1777 843 1819 omnes
866 1758 939 1819 libri
968 1761 1121 1835 originem
1152 1759 1273 1820 ducunt
1303 1761 1334 1820 iu

154 1865 269 1944 quibus
285 1865 419 1925 Cornelii
438 1865 566 1942 Nepotis
591 1862 672 1924 liber
687 1862 727 1922 tle
752 1862 981 1922 excellentibus
996 1861 1133 1924 ducibus
1156 1873 1335 1924 exterarum

155 1971 293 2048 gentium
325 1977 355 2027 ct
379 1987 418 2026 ex
443 1966 523 2027 libro
545 1965 586 2026 de
610 1967 768 2026 historicis
793 1967 909 2025 latinis
933 1967 1016 2026 ritae
1039 1967 1133 2026 Attici
1158 1976 1188 2026 et
1212 1968 1337 2027 Catonis

155 2073 302 2146 leguntur
323 2070 385 2131 duo
410 2069 583 2146 fragmenta
613 2068 652 2129 ad
687 2089 743 2129 nos
773 2080 942 2149 propagata
973 2079 1046 2129 sunt
1075 2090 1155 2148 quae
1186 2080 1216 2130 et
1240 2071 1336 2132 verba

153 2194 218 2236 esse
250 2194 288 2234 ex
323 2175 452 2254 epistola
484 2174 647 2233 Corneliae
677 2173 888 2233 Gracchorum
922 2175 1032 2232 matris
1062 2184 1091 2233 et
1123 2193 1160 2233 ex
1193 2175 1336 2234 Cornelio

153 2279 270 2358 Nepote
303 2286 451 2356 excerpta
484 2277 514 2336 in
546 2295 582 2336 eo
616 2275 722 2336 codice
753 2276 903 2337 traditum
934 2276 1003 2338 luit.
1052 2278 1133 2336 llaec
1164 2276 1336 2356 fragmenta

152 2382 227 2460 quin
252 2381 389 2459 genuina
419 2389 525 2440 esseut
555 2399 627 2440 cum
657 2381 872 2459 antiquiorum
902 2399 993 2439 nemo
1023 2391 1152 2459 praeter
1174 2383 1336 2442 Scitottum

152 2483 339 2560 dubitasset,
364 2485 486 2563 primus
510 2484 686 2543 lleerenius
708 2502 817 2563 opusc.
845 2484 917 2543 hist.
940 2502 971 2562 p.
992 2483 1043 2559 nt,
1069 2482 1186 2543 deinde
1204 2486 1337 2563 Longius

152 2588 181 2648 in
205 2587 332 2648 silvulis
349 2585 563 2664 Portensibus,
589 2605 670 2665 quae
694 2596 725 2646 et
750 2586 780 2644 in
804 2587 883 2645 actis
905 2586 1066 2645 seminarii
1083 2588 1162 2664 rogii
1186 2597 1214 2646 et
1237 2587 1336 2646 socie-

154 2692 224 2751 tatis
247 2690 454 2770 philologicae
478 2689 651 2768 Lipsiensis
672 2708 688 2748 a
712 2688 826 2748 Becltio
849 2687 944 2748 editis
965 2688 1024 2747 vol.
1044 2707 1054 2747 r
1077 2698 1158 2768 part.
1179 2707 1199 2747 u
1223 2709 1254 2769 p.
1275 2689 1333 2749 lii

153 2811 220 2873 sqq.
247 2802 279 2854 et
310 2794 341 2852 in
366 2793 473 2869 langii
502 2792 664 2871 opusculis
693 2791 858 2867 leguntur,
892 2791 1061 2851 novissime
1085 2792 1274 2852 Merekliuus
1305 2793 1335 2852 iu

155 2895 231 2956 libro
254 2915 350 2976 quem
374 2894 413 2955 de
438 2895 602 2956 Corneliae
619 2895 829 2955 Gracchorum
855 2896 964 2954 matris
987 2896 1062 2972 rita,
1089 2893 1238 2971 moribus,
1266 2897 1336 2975 epi-

155 2999 238 3059 stolis
260 2999 399 3077 scripsit,
426 2997 511 3058 edito
534 2998 661 3077 Dorpati
684 3016 765 3057 anno
789 3016 964 3074 uncccxur,
990 2988 1174 3073 argumenta
1196 2999 1337 3077 protule-

155 3112 225 3163 runt
257 3100 377 3180 quibus
405 3102 456 3161 illa
487 3120 547 3162 non
578 3121 594 3161 a
620 3101 763 3162 Cornelia
793 3100 850 3161 sed
873 3120 889 3161 a
916 3100 1038 3161 falsario
1069 3103 1238 3181 composita
1267 3121 1336 3162 esse

155 3203 419 3285 comprobaretur.
453 3203 559 3284 Atque
578 3204 691 3264 lterum
714 3205 903 3264 sententiam
928 3207 1136 3264 recentiorum
1160 3206 1212 3265 alii
1237 3206 1336 3265 secuti

156 3318 234 3385 suut,
261 3308 314 3367 alii
339 3308 539 3385 reiecerunt,
573 3307 626 3367 alii
650 3317 756 3367 utrum
780 3306 953 3386 probarent
975 3327 1014 3366 an
1041 3307 1253 3388 improbarent
1275 3307 1336 3369 du-

157 3409 311 3487 bitarunt;
338 3412 394 3490 qui
417 3420 601 3490 argumenta
625 3409 665 3470 ab
688 3411 751 3470 illis
775 3411 893 3490 prolata
919 3410 1077 3471 refelleret
1108 3430 1200 3471 nemo
1224 3413 1336 3472 inven-

157 3524 202 3576 tus
224 3525 283 3576 est.
333 3515 441 3594 ltaque
464 3534 535 3575 cum
559 3513 598 3574 de
628 3513 860 3575 excellentibus
883 3513 1019 3575 ducibus
1049 3525 1228 3575 exterarum
1259 3535 1336 3592 geu-

158 3618 241 3696 tium,
262 3618 389 3694 (latone,
408 3616 510 3678 Attico
535 3616 781 3696 fragmentisque
805 3639 821 3677 a
843 3617 951 3677 lacobo
968 3617 1126 3678 Friderico
1142 3618 1336 3697 lleusiugero

159 3724 289 3799 primum
314 3720 410 3782 editis
432 3723 474 3781 ita
497 3741 513 3781 a
537 3720 758 3800 superioribus
781 3720 976 3801 disputatum
1000 3723 1039 3781 sit
1064 3732 1117 3798 ut,
1144 3741 1335 3801 quamquam

158 3842 213 3886 uon
244 3827 347 3886 omnia
376 3835 561 3904 argumenta
593 3824 720 3904 probem
753 3824 871 3904 quibus
901 3826 977 3885 baec
1005 3845 1022 3884 a
1053 3825 1195 3885 Cornelio
1218 3828 1335 3906 Nepote

159 3932 267 4010 scripta
299 3948 367 3990 esse
391 3929 556 3990 defensum
586 3937 651 4005 cst,
688 3938 792 3989 tamen
823 3928 901 4007 quid
930 3928 970 3988 de
1000 3947 1121 3988 summa
1151 3931 1335 4008 quaestione

160 4031 357 4094 iudicandum
391 4033 432 4092 sit
460 4051 551 4092 nemo
581 4030 728 4093 dubitare
760 4050 851 4110 posse
885 4050 1009 4110 neque,
1045 4033 1070 4090 si
1096 4033 1150 4110 qui
1174 4031 1332 4110 dubitent,

159 4153 265 4215 operae
283 4137 421 4216 pretium
439 4133 579 4195 facturus
595 4133 740 4194 videatur
755 4136 809 4213 qui
834 4144 999 4195 retractata
1023 4137 1208 4214 quaestione
1224 4137 1334 4197 ltoruru

160 4235 368 4299 dubitationes
397 4238 508 4299 tollere
531 4236 674 4314 studeat,
708 4238 756 4297 liis
785 4239 909 4297 omissis
937 4256 1049 4298 causae
1072 4258 1089 4298 a
1118 4240 1335 4319 superioribus

160 4339 297 4403 desertae
314 4342 522 4422 patrocinium
539 4339 777 4420 suscipiendum
795 4342 898 4400 visum
921 4352 978 4418 est,
1005 4350 1039 4401 ut
1057 4340 1120 4401 duo
1143 4342 1194 4402 illa
1218 4345 1335 4422 episto-

159 4442 252 4506 lamm
278 4444 451 4524 fragmenta
474 4453 506 4506 et
529 4464 545 4504 a
570 4444 713 4504 Cornelia
737 4445 851 4522 scripta
877 4453 908 4503 et
930 4446 1080 4525 aNepote
1104 4445 1201 4505 relata
1224 4448 1336 4506 existi-
