3068 5114
586 335 776 395 Srrcunouur
800 352 947 394 cnrrrcnrr.
1311 318 1357 389 73

165 523 349 604 quibusdem
372 511 519 602 ceefee'tr's
535 523 696 584 damnatos
719 523 851 584 traditus
874 529 918 583 est
941 523 1167 583 cndcctmviria
1218 523 1281 584 Sed
1307 526 1356 585 in·
1370 539 1395 578 tt

167 639 244 708 epte.-
274 636 535 688 commemorat-ur
559 628 702 688 Phocioni
734 647 774 688 ne
805 628 974 708 perorandi
1004 626 1135 707 quidem
1166 639 1197 689 et
1229 648 1354 690 causam

170 731 302 794 dicendi
338 730 515 792 facultatem
555 752 625 793 esse
656 731 761 793 datam
791 742 960 812 antequam
991 730 1143 793 iudicium
1174 731 1356 808 haberetur,

172 855 270 915 quam
295 835 474 896 facultatem
497 836 523 895 si
549 836 600 895 ille
624 855 660 896 ee
683 845 823 916 tempere
848 838 995 915 petisset,
1029 837 1097 896 iure
1129 846 1212 896 esset
1235 846 1356 917 negata.

174 941 211 999 Et
236 959 288 1000 res
312 942 378 1020 ipsa
403 949 434 1000 et
458 959 538 1019 quac
573 939 612 999 ab
643 939 713 999 aliis
747 938 955 1019 scriptoribus
989 937 1161 999 traduntur
1190 939 1360 1001 ostendunt

174 1045 326 1124 Nepotem
351 1046 381 1104 in
404 1042 519 1103 iudicio
537 1043 681 1103 Phocioni
705 1063 772 1104 eam
791 1041 971 1104 falcultatem
995 1042 1176 1122 ademptam
1201 1044 1357 1105 retulisse.

175 1146 265 1220 Quod
296 1149 323 1207 si
347 1147 421 1226 quis
451 1147 509 1206 hoc
531 1145 662 1226 quidem
685 1157 796 1226 sponte
826 1145 867 1206 ab
895 1146 1041 1208 omnibus
1065 1149 1118 1226 qui
1151 1146 1228 1207 haec
1256 1148 1361 1227 legant

176 1252 318 1330 intellegi
342 1270 447 1330 neque
465 1249 562 1312 luisse
586 1270 643 1311 cur
665 1251 853 1330 ascriptore
870 1249 1097 1329 declararetur,
1124 1251 1233 1311 iudicio
1255 1261 1360 1312 autem

176 1357 365 1416 sententiam
390 1353 529 1415 iudicum
553 1355 723 1432 significari
749 1364 855 1433 putet,
889 1374 994 1435 neque
1019 1356 1059 1414 ita
1083 1355 1221 1434 aliquem
1245 1354 1361 1415 iudicio

178 1459 317 1520 damnari
348 1458 411 1520 dici
447 1459 592 1519 existimo
627 1458 759 1537 reliquis
790 1477 870 1538 quac
906 1459 936 1519 in
971 1457 1087 1519 iudicio
1116 1458 1195 1519 hum
1224 1459 1361 1520 exclusis

178 1581 281 1641 neque
306 1562 356 1621 hie
380 1570 465 1622 certe
490 1560 521 1622 id
546 1562 612 1621 heri
638 1570 770 1640 poterat.
817 1563 893 1621 Nam
917 1562 1054 1641 legitima
1079 1562 1130 1621 illa
1147 1562 1264 1642 quibus
1286 1583 1361 1623 con-

179 1663 267 1725 lectis
292 1663 406 1725 iudicio
430 1663 596 1725 damnatus
619 1663 737 1724 dicitur
760 1664 905 1743 Phocion,
931 1684 1002 1725 eun]
1027 1664 1168 1744 proxima
1191 1674 1264 1727 ante
1286 1686 1361 1726 sen-

178 1770 309 1829 tentiam
335 1766 474 1828 iudicum
500 1776 583 1829 essct
606 1769 761 1848 peroratio
786 1770 843 1845 rei,
870 1779 1038 1848 antequam
1062 1768 1231 1848 perorandi
1262 1768 1361 1831 laeul-
1434 1819 1435 1822 ,

177 1882 221 1932 tas
250 1871 448 1933 adimeretur
477 1870 616 1932 conlecta
647 1873 709 1932 siut
739 1892 867 1933 necesse
897 1881 954 1934 est.
1004 1873 1111 1952 ltaque
1143 1873 1360 1954 recipiendum

179 1987 243 2037 erat
266 1975 351 2055 quod
387 1979 418 2036 in
442 1975 548 2037 codiee
571 1974 734 2036 hxeniano
771 1979 838 2037 sive
868 1996 942 2037 casu
965 1979 1032 2036 sive
1056 1977 1184 2037 consilio
1208 1981 1360 2058 seriptum

178 2091 240 2159 est,
274 2082 306 2141 ie
337 2081 456 2158 iudicio,
488 2089 519 2141 ct
542 2081 620 2140 haec
642 2079 740 2141 verba
764 2082 810 2141 sic
833 2080 1075 2160 distinguenda:
1118 2084 1185 2157 Orco
1208 2083 1244 2143 de
1268 2102 1302 2143 re
1324 2103 1361 2144 oe

176 2183 345 2264 perorandi
358 2183 476 2263 quidem
500 2185 529 2243 et
549 2184 622 2244 (tete
644 2191 688 2244 cst
700 2183 834 2264 [uetitos
857 2191 883 2244 ct
899 2183 1018 2244 dicendi
1039 2203 1163 2245 corcram.
1182 2187 1213 2245 rh
1231 2185 1358 2261 irtdr'cr'o;

178 2288 315 2369 teqr'timr’s
338 2285 518 2367 quibusdam
540 2287 680 2367 confectis
703 2287 866 2348 domaratus
896 2287 1029 2348 traditus
1058 2295 1101 2349 est
1130 2289 1356 2350 undecimo-iris.

180 2391 252 2450 Nam
276 2409 316 2450 nc
340 2392 382 2449 itu
406 2387 551 2468 quidem,
579 2392 604 2450 si
630 2391 660 2449 ie
683 2391 792 2450 iudicio
815 2389 975 2468 scribitur,
1002 2390 1079 2452 haee
1101 2390 1198 2451 verba
1221 2411 1238 2451 a
1262 2411 1360 2471 supe-

180 2493 314 2554 rioribus
336 2494 476 2572 separari
502 2502 650 2572 possunt,
677 2513 716 2553 ne
741 2513 822 2573 quae
845 2503 1025 2573 sequuntur
1048 2492 1118 2555 ideo
1142 2493 1202 2554 dici
1228 2495 1359 2556 videan-

179 2608 227 2659 tur
251 2598 283 2658 in
307 2595 422 2657 iudicio
446 2595 524 2656 lacta
556 2616 624 2657 csse
653 2607 789 2677 atquae
820 2606 911 2658 antea
935 2607 1218 2659 commemorantur
1240 2620 1302 2660 non
1325 2602 1358 2661 in

180 2701 311 2778 iudicio,
343 2699 400 2761 sed
424 2702 531 2762 neseio
554 2700 680 2780 quando
705 2700 782 2762 laeta
807 2720 876 2763 csse
900 2701 1145 2763 demonstretur.
1193 2703 1359 2764 Vocabulis

180 2809 206 2865 in
230 2816 262 2866 et
285 2804 364 2883 tede,
391 2824 472 2884 quac
496 2803 608 2865 eadem
632 2814 703 2866 nota
724 2811 737 2865 ῖ
759 2807 988 2886 significantur,
1021 2806 1107 2867 nulla
1138 2807 1168 2865 in
1196 2805 1359 2868 codicibus

179 2919 229 2969 aut
252 2907 375 2969 facilius
397 2917 452 2969 aut
475 2910 601 2988 saepius
624 2909 890 2991 permutantur*).

261 3011 371 3072 Timol.
397 3014 428 3090 3,
456 3013 472 3072 l
503 3013 737 3073 Freinshemius
766 3011 846 3073 vidit
880 3014 985 3093 inepto
1020 3013 1096 3074 haec
1133 3016 1164 3073 in
1198 3012 1360 3074 codicibus

179 3115 288 3175 scribi:
329 3116 403 3175 Cum
426 3117 517 3177 tontis
546 3123 622 3177 esset
652 3115 756 3195 opilius
779 3123 813 3176 ut
835 3118 924 3176 etiem
946 3118 1049 3178 invitis
1073 3118 1225 3197 imperare
1245 3125 1356 3197 posset,

179 3225 290 3280 motum
320 3226 420 3279 cutem
449 3237 583 3279 amorem
604 3217 726 3279 heberet
747 3219 879 3280 cerotum
903 3219 1076 3279 Siculorum
1099 3227 1131 3280 ct
1160 3219 1241 3280 nrdto
1269 3239 1358 3279 reeu-

179 3331 260 3383 rente
290 3341 415 3404 reprcunt
442 3321 602 3399 obtineret,
639 3323 746 3383 met-ott
776 3342 807 3383 sc
837 3322 924 3404 dittqi
944 3342 1035 3403 qoem
1065 3325 1172 3397 arctoi,
1210 3321 1358 3402 idemque

180 3445 235 3486 una
259 3426 365 3486 littera
394 3423 534 3497 abiecta,
568 3425 609 3485 ita
632 3435 667 3486 ut
690 3445 745 3504 pro
769 3423 912 3486 obtineret
934 3425 1088 3487 scriberet
1110 3424 1256 3503 obticere,
1290 3445 1359 3485 cor-

181 3538 300 3609 ruptam
324 3531 513 3588 sententiam
538 3526 731 3588 emendavit.
778 3528 912 3588 Secutus
935 3537 983 3590 est
1005 3547 1113 3603 nemo;
1145 3538 1210 3588 tres
1233 3530 1358 3588 omnino

180 3629 258 3710 quod
286 3631 383 3690 seiam
414 3628 551 3690 refutare
574 3630 826 3692 Freinshemium
856 3633 957 3692 conati
980 3640 1065 3693 sunt.
1113 3629 1215 3711 Atque
1246 3631 1357 3691 horum

181 3734 283 3794 llosius
307 3732 435 3812 quidem
465 3733 560 3793 nimis
590 3737 754 3813 nugatorio
779 3753 813 3794 re
838 3753 911 3794 vera
934 3734 1158 3795 Timoleontem
1189 3735 1357 3814 imperium

182 3836 349 3898 obtinuisse
379 3846 503 3914 narrant,
540 3839 593 3916 qui
626 3836 658 3897 id
687 3839 839 3916 proximis
869 3836 977 3898 verbis
1007 3837 1190 3917 deposuisse
1221 3835 1355 3898 dicatur.

182 3941 268 4012 Quasi
294 3959 370 4002 vero
394 3939 476 4000 idem
501 3949 583 4001 esset
614 3941 782 4020 imperium
812 3950 906 4020 atque
932 3959 1075 4019 regnum.
1124 3939 1158 4000 ld
1182 3941 1286 4019 ipsum
1310 3942 1359 3999 in-

184 4056 246 4124 epte
270 4045 432 4105 diceretur
456 4054 575 4105 tantum
599 4063 736 4105 atriorem
767 4045 906 4105 onmium
930 4045 1106 4105 Siculorum
1136 4043 1284 4105 habuisse
1307 4045 1359 4104 Ti-

185 4149 363 4209 moleontem
387 4157 420 4208 ut
442 4147 529 4208 nullo
553 4156 725 4208 recusante
743 4150 908 4227 imperium
933 4145 1107 4207 obtineret:
1140 4166 1245 4226 noque
1274 4148 1359 4206 enim

185 4248 233 4310 hoe
251 4250 381 4331 quidem
405 4270 612 4331 permagnum
637 4261 713 4312 erat.
763 4251 979 4324 lleusingerus
1002 4269 1076 4309 vero
1101 4259 1130 4310 et
1147 4249 1358 4310 Tzschuclrius

245 4478 268 4540 *l
292 4478 362 4540 [aad.
385 4476 478 4537 Spirit.
499 4489 526 4523 u.
547 4482 572 4534 5,
595 4475 649 4537 ta]
