3076 5122
195 346 269 416 210
671 361 903 423 Eussnirrouss

280 550 373 612 Recte
397 549 520 629 primus
541 548 724 610 observavit
745 549 886 611 Ritterus
900 550 1041 612 Tacitum
1065 550 1098 611 in
1122 549 1306 617 haminibus
1320 558 1379 617 Rc-

195 653 296 714 manis
328 651 527 733 appellandis
560 671 623 714 non
659 651 806 732 pluribus
834 670 930 732 quam
960 650 1084 744 duobus
1120 655 1305 720 nominibus
1334 662 1379 722 uti

193 754 306 817 solere.
352 755 461 835 ltaque
484 774 557 817 cum
580 755 675 818 buius
704 753 779 816 libri
800 774 828 816 c.
854 757 895 816 86
919 757 952 816 in
969 747 1083 819 'codice
1112 758 1267 839 scriptum
1298 775 1380 826 esset

193 858 266 919 titus
288 857 420 938 amplius
439 855 598 937 fabianus,
624 876 669 919 ιιι.
689 859 706 918 l
731 858 862 938 tampim
881 857 1048 937 flavianus,
1075 877 1122 922 ru.
1143 861 1181 920 ll)
1205 867 1380 946 tempium

192 961 374 1042 flavianum,
399 979 440 1022 ex
462 979 525 1040 quo
547 963 727 1042 superiores
750 970 945 1041 postremum
967 963 1068 1025 secuti
1092 973 1193 1043 erant,
1219 967 1289 1047 ipse
1312 988 1381 1031 am·

193 1063 290 1126 nibus
312 1064 388 1125 locis
414 1063 603 1145 Tamphilum
618 1064 799 1126 Flauianum
822 1065 938 1144 posuit.
985 1063 1049 1126 Sed
1072 1067 1141 1146 ipsa
1162 1068 1282 1131 codicis
1304 1069 1381 1134 auc·

193 1168 303 1230 toritas
328 1169 485 1248 Tampium
500 1166 959 1243 Flavianum.oommendabat;
986 1168 1038 1231 cui
1061 1168 1220 1233 accedunt
1237 1173 1380 1237 Frontini

193 1270 317 1333 codices
332 1269 372 1332 de
389 1289 462 1351 aqu.
484 1271 554 1348 toa,
580 1268 637 1332 ubi
660 1271 745 1333 iuter
766 1279 928 1332 curatores
950 1289 1106 1351 aquarum
1121 1283 1191 1353 post
1208 1277 1380 1358 Pompeium

194 1374 430 1436 Silvanum'hio
456 1375 599 1454 Tampius
621 1373 790 1436 Flauianus
813 1383 1030 1435 enumeratur.
1077 1376 1156 1438 liem
1178 1378 1305 1441 coniicit
1327 1383 1381 1444 atu

193 1480 212 1538 1
233 1479 458 1539 Pannoaurum
478 1478 655 1558 Tampium,
680 1485 921 1538 commemorata
944 1479 976 1539 in
999 1477 1106 1540 tabula
1129 1479 1279 1545 honestae
1303 1487 1382 1548 mis-

165 1582 291 1646 asionis
312 1600 330 1641 a
352 1568 496 1642 ΤιιιῐιιιιοΙ
525 1579 616 1642 datae
644 1576 786 1660 (Ephcm.
812 1578 928 1642 Arcad.
952 1597 1004 1642 vui
1026 1600 1060 1661 p.
1080 1581 1186 1664 57⁴7),
1219 1603 1304 1665 quae
1332 1590 1382 1651 ala

193 1686 263 1746 sina
286 1683 384 1746 dubio
406 1685 502 1747 huius
516 1684 637 1764 Tampii
656 1683 795 1745 Flaviani
818 1701 934 1746 nomeu
957 1684 1049 1763 gerit,
1075 1703 1171 1765 quem
1187 1688 1381 1754 Pannoniam

194 1789 314 1849 rexisse
336 1789 462 1848 Tacitus
483 1786 593 1849 refert.
640 1787 787 1849 Ceterum
810 1787 918 1867 plures
945 1789 1063 1868 Tampii
1083 1799 1158 1851 sunt
1181 1792 1214 1852 iu
1239 1791 1384 1875 inscrip-

193 1890 335 1953 tionibus
357 1890 443 1970 apud
464 1890 667 1953 Muratorium
690 1899 723 1951 et
745 1890 777 1949 in
801 1890 885 1950 tata
909 1900 940 1952 et
964 1891 1046 1951 tosa
1069 1891 1156 1971 apud
1178 1893 1346 1958 Orellium.

282 1994 316 2054 G.
344 1994 403 2053 l00
428 1994 506 2055 haec
528 1993 560 2053 in
584 1992 690 2055 codice
720 1993 839 2072 scripta
861 2002 953 2054 sunt:
995 1996 1072 2056 Mau
1094 1995 1213 2058 aemilia
1235 1999 1269 2058 in
1289 2009 1384 2082 quat-

193 2105 265 2159 tuor
287 2097 392 2159 deaum
414 2098 491 2158 XIII
510 2097 674 2178 lupianum,
708 2095 777 2156 derit
799 2097 906 2177 quinta
936 2104 964 2158 et
985 2096 1217 2160 duoetvicesima
1239 2111 1382 2181 secutam

189 2207 341 2282 postrema
364 2201 483 2283 agmine
504 2218 568 2260 una
590 2207 618 2260 ct
638 2199 805 2260 uicensima
825 2200 941 2288 ⁸Bopam
970 2206 998 2260 et
1023 2200 1128 2280 prima
1149 2201 1260 2264 italica
1282 2205 1380 2268 inces-

192 2325 260 2369 sere
295 2323 364 2368 cum
400 2305 577 2367 aemilioriis
615 2305 708 2365 trium
738 2304 993 2365 Britannicarum
1029 2305 1180 2386 legionum
1214 2315 1245 2368 et
1280 2309 1378 2372 electis

192 2410 336 2471 caeciliis.
376 2409 464 2482 Quae
487 2408 627 2488 legiones
641 2406 827 2468 Vitellianae
851 2415 958 2468 contra
973 2407 1136 2469 Flavianos
1158 2407 1258 2472 duces
1281 2411 1377 2475 educ·

192 2521 243 2572 tae
266 2513 340 2591 sint,
365 2512 534 2592 perspicue
550 2508 700 2572 docemur
720 2527 765 2569 ιιι.
786 2510 836 2588 22,
864 2509 920 2571 ubi
935 2509 975 2571 de
998 2511 1065 2571 acie
1080 2509 1287 2574 Bedriacensi
1301 2515 1376 2578 liaeo

193 2613 394 2676 referuntur:
437 2613 581 2676 Ordinem
610 2613 741 2706 caminis
762 2611 881 2674 disiecti
904 2630 963 2692 per
991 2614 1072 2674 iram
1093 2631 1130 2675 aa
1157 2613 1299 2678 tenebras
1313 2617 1377 2680 ad-

192 2736 336 2780 severare
357 2736 418 2778 nan
440 2718 556 2794 ausim,
582 2733 765 2797 mammam
786 2715 844 2776 olii
864 2715 1051 2777 tradiderint
1071 2724 1214 2797 quartam
1236 2720 1377 2782 Macedo

192 2823 292 2882 nicam
321 2820 432 2882 deactro
462 2838 588 2882 suorum
616 2838 729 2898 cornu,
765 2819 903 2900 quintam
931 2826 960 2879 et
981 2818 1282 2900 'quintamdecumam
1302 2842 1378 2885 cum

192 2924 318 2986 caeciliis
347 2942 445 2985 nonae
472 2922 679 3003 secundaeque
709 2929 737 2983 et
764 2923 924 2984 uicesimae
946 2923 1200 2984 Britannicarum
1229 2925 1379 3007 lopiacum

192 3027 323 3089 mediam
350 3029 462 3105 aciem,
495 3025 768 3088 semtadacumcnos
789 3024 1136 3105 duoetvicesimanoaque
1164 3034 1193 3088 et
1217 3030 1379 3108 primanos

193 3132 314 3192 laevum
336 3148 432 3191 cornu
453 3129 625 3209 complesse.
672 3130 809 3207 Rapaces
831 3135 920 3208 atque
941 3127 1043 3190 Italici
1064 3127 1200 3190 omnibus
1223 3148 1256 3191 se
1277 3134 1381 3194 muni-

190 3234 275 3315 puiis
296 3234 492 3294 miscuerunt.
540 3233 607 3292 Nan
631 3239 718 3292 recte
743 3229 838 3308 igitur
860 3228 1048 3291 Duebnerus
1070 3238 1102 3290 et
1125 3231 1266 3294 llitteras
1289 3234 1381 3295 Taci-

192 3346 259 3398 tum
283 3355 319 3397 eo
343 3337 426 3412 loco,
452 3334 492 3396 de
515 3353 578 3414 quo
601 3333 817 3413 disputamus,
845 3333 887 3392 ita
910 3332 1075 3411 scripsisse
1097 3342 1228 3411 putant:
1259 3336 1381 3397 amula

192 3446 331 3521 quartae,
357 3437 612 3519 quintaedecimae
633 3443 662 3497 et
682 3435 922 3497 secataedeaimae
944 3434 1103 3516 lupianum.
1144 3436 1187 3496 lta
1211 3437 1300 3498 enim
1323 3437 1382 3500 de-

191 3539 374 3602 siderantur
393 3540 546 3619 primani,
573 3539 629 3618 qui
652 3556 697 3598 ru.
723 3538 764 3598 22
788 3546 1085 3631 commemorantur,
1112 3537 1170 3598 hac
1192 3547 1241 3600 est
1263 3541 1383 3602 vexilla

193 3644 326 3724 legionis
347 3644 468 3723 primae
492 3641 716 3718 Germanicae,
742 3658 823 3719 quae
846 3659 887 3702 ex
910 3638 1059 3702 inferiore
1082 3639 1252 3702 Germania
1274 3641 1383 3705 addu-

192 3757 282 3808 xerat
298 3745 410 3807 Fabius
425 3745 550 3822 Valens,
576 3763 639 3805 nan
662 3741 886 3805 confundenda
908 3762 980 3804 cum
1002 3743 1125 3824 legione
1148 3744 1250 3823 prima
1274 3746 1382 3808 italica

194 3849 346 3930 Lugduno
368 3847 516 3910 abducta.
558 3847 605 3908 Gi.
631 3866 652 3907 ι.
680 3846 730 3908 55.
759 3847 810 3906 tt.
837 3848 890 3908 tt.
936 3847 1013 3907 Nam
1036 3846 1123 3925 quod
1145 3847 1288 3910 Ritterus
1311 3853 1383 3930 pri-

194 3972 301 4015 manos
324 3952 374 4012 bic
396 3951 496 4012 omitti
519 3953 658 4031 potuisse
681 3958 781 4029 putat,
807 3949 882 4028 quia
905 3949 1066 4028 plerique,
1101 3959 1135 4011 ut
1158 3951 1226 4029 ipse
1249 3953 1378 4031 conicit,

192 4055 349 4118 urbanam
377 4054 523 4115 militiam
544 4053 817 4133 praeoptaverint,
850 4060 950 4112 etur.
977 4053 1017 4113 22
1049 4061 1081 4112 et
1103 4051 1173 4113 aliis
1196 4051 1290 4132 locis,
1323 4056 1380 4135 qui

193 4180 233 4221 ne
258 4161 360 4239 ipsum
375 4156 506 4238 quidem
529 4157 688 4237 ingerunt,
715 4154 929 4234 redarguitur.
962 4153 1092 4216 Viderat
1116 4155 1172 4216 hoc
1191 4155 1377 4236 Rupertins,

194 4315 397 4323 ...-.—-——

263 4398 287 4463 a)
311 4399 351 4462 [0.
373 4399 393 4448 1.
414 4399 443 4447 t.
464 4411 500 4446 ιιι.
526 4411 553 4459 p.
574 4401 623 4447 att
647 4410 674 4445 n.
701 4395 771 4444 xxi.
818 4396 957 4445 Praeterea
982 4395 1026 4444 ula
1050 4395 1191 4456 Tampicna
1216 4402 1379 4446 memoratur

192 4488 226 4536 ta.
246 4501 273 4536 a.
294 4491 369 4535 tica.
393 4488 469 4535 saar.
490 4482 577 4546 arani
