3068 5114
657 1347 687 1418 I.

170 1599 326 1711 Cornelii
343 1645 471 1725 Nepotis
494 1643 644 1723 reliquias
663 1644 717 1724 qui
741 1643 916 1706 secundum
938 1645 1016 1705 artis
1037 1645 1125 1724 leges
1149 1664 1261 1708 recen-

82 1762 168 1814 seret
191 1752 313 1831 primus
337 1738 485 1809 inventus
510 1757 559 1807 est
580 1765 662 1807 anno
684 1765 829 1809 maecum
853 1747 980 1809 Carolus
1003 1747 1177 1810 Ludovicus
1200 1751 1261 1810 llo-

83 1856 169 1916 thius
184 1855 375 1934 Brisigavus.
423 1851 499 1911 Nam
514 1849 690 1911 Baneclrius
713 1849 823 1912 eodem
847 1849 913 1912 fere
929 1861 1070 1933 tempore
1091 1850 1158 1932 (etsi
1177 1854 1261 1914 enim

83 1968 224 2019 extrema
248 1956 395 2018 editionis
418 1973 492 2016 suae
509 1972 590 2015 anno
606 1972 763 2015 uncccxtu
779 1963 915 2016 exeunte
931 1956 1067 2035 scripsit,
1093 1974 1155 2016 non
1171 1955 1263 2018 vide-

84 2071 133 2122 rat
154 2071 259 2122 tamen
276 2058 446 2121 editionem
462 2058 574 2133 Rotbii)
595 2076 665 2119 cum
688 2076 768 2118 nova
791 2055 933 2119 subsidia
955 2077 1018 2118 non
1039 2070 1259 2140 comparasset,

83 2164 202 2245 paratis
230 2181 292 2223 non
315 2180 352 2223 ea
376 2180 438 2241 qua
460 2180 518 2241 par
547 2170 615 2222 erat
643 2158 806 2239 diligentia
834 2179 909 2222 usus
932 2170 1031 2240 esset,
1064 2163 1182 2243 quippe
1206 2164 1261 2242 qui

84 2264 172 2345 iungi
197 2284 265 2327 sese
287 2263 388 2326 oliicio
411 2282 502 2344 posse
525 2262 698 2325 confideret
721 2265 747 2324 si
771 2261 924 2324 editiones
946 2262 1086 2343 Bardilii,
1110 2266 1259 2344 Fischeri,

85 2369 272 2450 Heusingeri
294 2367 505 2446 adhibuisset,
530 2385 634 2447 neque
651 2366 690 2428 de
714 2367 897 2428 auctoritate
920 2365 1063 2429 codicum
1078 2368 1154 2428 satis
1177 2378 1261 2429 recte

84 2474 265 2534 existimare
299 2491 404 2551 neque
440 2490 512 2533 eum
546 2469 620 2530 inde
655 2488 749 2549 quem
782 2468 896 2530 licebat
930 2469 1067 2533 fructum
1095 2472 1262 2553 percipere

84 2577 197 2657 potuit.
244 2574 331 2636 ldem
353 2574 394 2636 ad
415 2574 578 2654 scriptoris
598 2572 696 2634 verba
719 2574 897 2636 coniectura
920 2573 1118 2636 emendanda
1141 2585 1261 2637 tantum

85 2681 189 2741 attulit
211 2688 245 2740 ut
268 2677 347 2739 nihil
370 2697 446 2739 sane
469 2675 600 2757 dignum
623 2678 915 2738 commemoratione
939 2678 1080 2739 effecisse
1103 2677 1260 2740 videatur.

86 2782 149 2846 Sed
164 2783 296 2844 Rothius
318 2791 350 2843 et
371 2789 557 2862 apparatum
580 2799 653 2842 oum
668 2780 791 2860 collegit
813 2789 844 2842 et
859 2779 900 2841 de
915 2783 1098 2842 auctoritate
1120 2780 1263 2844 codicum

87 2888 127 2948 ita
151 2885 305 2948 iudicavit
328 2893 359 2946 et
375 2903 456 2964 quae
472 2885 529 2945 bac
551 2884 734 2945 auctoritate
758 2882 840 2945 effici
855 2893 1002 2964 poteraut
1016 2893 1080 2947 tam
1096 2883 1264 2965 diligenter

87 3001 116 3050 et
143 2987 340 3051 considerate
363 2997 548 3069 persecutus
578 2997 625 3048 est
653 3006 812 3068 perpauca
840 2997 874 3048 ut
897 2986 1061 3049 desideres
1084 2988 1159 3068 quin
1190 2989 1264 3049 huic

86 3095 166 3173 parti
190 3093 290 3153 critici
314 3092 456 3152 muneris
477 3091 571 3171 plene
594 3088 781 3152 satisfecisse
804 3089 983 3153 censendus
1005 3092 1056 3152 sit.
1104 3092 1187 3162 Quas
1211 3111 1263 3152 re-

86 3198 201 3277 liquias
223 3214 296 3258 oum
318 3194 467 3274 colligere
497 3195 529 3255 in
558 3196 661 3255 animo
687 3195 728 3256 sit
750 3204 918 3274 antequam
940 3193 980 3256 ad
1002 3194 1133 3256 alteram
1163 3194 1263 3257 critici

87 3299 178 3360 oliicii
202 3308 325 3379 partem
348 3298 604 3379 praetermissam
627 3316 645 3358 a
667 3298 776 3358 Rotbio
798 3297 960 3377 accedam,
993 3317 1055 3360 non
1085 3308 1262 3380 repeterem

88 3424 122 3465 ea
146 3422 228 3483 quae
258 3411 343 3463 recte
372 3400 425 3462 ille
448 3400 487 3462 de
517 3400 677 3462 codicibus
700 3400 872 3481 disputavit
901 3402 963 3462 nisi
987 3401 1184 3481 quorundam
1208 3403 1263 3482 qui

88 3517 155 3587 post
184 3525 257 3568 eum
287 3504 327 3566 de
351 3504 494 3567 Cornelio
515 3506 635 3585 Nepote
664 3505 859 3584 scripserunt
887 3523 957 3566 eam
987 3505 1202 3567 infirmitatem
1232 3516 1263 3567 et

89 3612 329 3671 inconstantiam
358 3607 467 3670 iudicii
497 3611 530 3668 in
553 3609 611 3669 hac
635 3627 668 3669 re
690 3607 974 3669 animadverterem
1003 3618 1038 3670 ut
1060 3628 1122 3689 quo
1149 3608 1264 3672 lunda-

88 3724 192 3776 mcnto
208 3711 385 3774 emendatio
408 3713 569 3792 scriptoris
592 3712 650 3772 niti
667 3710 782 3772 debeat
804 3711 944 3773 nondum
967 3733 1075 3774 omnes
1097 3715 1173 3775 satis
1188 3733 1264 3794 per-

88 3820 228 3900 spexisse
251 3814 431 3878 videantur.
476 3816 582 3876 Dicam
610 3826 732 3894 autem,
763 3825 798 3877 ut
827 3835 885 3896 par
907 3827 971 3896 est,
1003 3815 1043 3877 de
1074 3817 1113 3876 iis
1141 3826 1263 3879 tantum

88 3920 248 3984 codicibus
271 3921 326 4000 qui
350 3938 411 3980 non
434 3938 497 3981 uno
520 3929 550 3980 et
572 3919 670 3980 altero
688 3918 754 3981 loco
777 3920 922 4000 inspecti,
948 3919 1005 3981 sed
1027 3930 1081 3981 aut
1095 3920 1188 4000 plene
1210 3931 1264 3983 aut

87 4035 171 4087 certe
194 4023 407 4106 perpetuitate
426 4021 561 4102 quadam
584 4022 685 4084 collati
709 4033 792 4084 sunt.
840 4024 878 4085 Et
893 4043 1084 4104 quamquam
1108 4025 1140 4086 iu
1162 4026 1264 4087 mino·
1309 4069 1313 4076 ·

89 4129 174 4192 ribus
197 4125 388 4209 quibusdam
420 4126 515 4188 rebus
538 4127 629 4207 paulo
658 4124 837 4188 distinctius
865 4146 916 4188 me
946 4128 1027 4189 hanc
1049 4130 1264 4207 quaestionem

89 4244 328 4314 persecuturum
357 4230 510 4309 arbitror,
543 4231 698 4311 exemplis
727 4240 831 4291 tamen
861 4251 900 4291 ex
929 4231 1096 4312 scripturis
1122 4231 1264 4294 codicum

89 4336 257 4400 afferendis
285 4333 497 4415 supersedere
528 4354 671 4415 possum,
704 4353 774 4395 cum
803 4345 834 4396 et
862 4335 917 4414 qui
946 4345 1091 4397 accurate
1120 4336 1153 4396 in
1184 4336 1265 4397 hanc

90 4460 152 4503 rem
185 4441 351 4521 inquirere
382 4439 486 4500 volent
519 4439 681 4500 materiem
715 4456 839 4499 omnem
874 4439 907 4499 in
940 4441 1082 4519 margine
1116 4437 1264 4500 editionis

1029 4541 1059 4590 μ
