3068 5114
695 1405 761 1498 ra)

202 1694 326 1829 Quam
343 1743 495 1802 rationem
512 1743 543 1802 in
561 1740 757 1803 recensendo
780 1750 810 1802 et
825 1740 1022 1804 emendando
1039 1742 1181 1803 Cornelio
1197 1743 1315 1822 Nepote

126 1854 322 1924 postremum
345 1863 363 1905 a
386 1864 437 1911 mc
466 1845 630 1926 superiora
660 1865 741 1907 anno
764 1846 900 1907 Berolini
932 1844 1016 1906 edito
1044 1854 1171 1909 secutus
1199 1865 1313 1923 essem,

128 1948 163 2007 in
187 1946 380 2027 praefatione
410 1947 495 2009 illius
525 1947 674 2010 editionis
697 1949 841 2029 exposui.
889 1950 969 2027 lam,
1002 1968 1084 2029 quae
1113 1949 1153 2010 ‹le
1183 1949 1317 2028 singulis

127 2050 206 2111 locis
229 2069 279 2111 me
303 2049 539 2131 disputaturum
562 2071 631 2112 esso
655 2061 721 2114 tum
744 2051 904 2132 pollicitus
926 2071 1007 2129 sum,
1033 2069 1216 2132 proponam.

216 2154 315 2234 lgitur
336 2155 413 2215 Milt.
439 2156 470 2233 3,
499 2155 510 2213 l
545 2156 621 2217 haee
649 2155 681 2215 in
711 2154 873 2217 codicibus
895 2155 1060 2236 leguntur:
1098 2156 1174 2217 Eius
1199 2159 1313 2237 pontis,

124 2259 201 2319 (irem
225 2260 288 2339 ipse
310 2258 436 2338 obesset,
462 2259 598 2321 custodes
623 2261 744 2341 reliquit
764 2260 927 2340 principes,
951 2278 1024 2341 quos
1047 2278 1148 2321 secum
1170 2278 1213 2321 eac
1228 2261 1317 2322 Ionio

124 2370 155 2423 et
178 2358 300 2423 Aeolide
322 2361 478 2438 (latueram
502 2362 610 2445 petibus
633 2363 763 2445 sioptlis
787 2364 927 2443 a'psorum
949 2361 1070 2424 urbium
1092 2369 1241 2442 perpetuo
1263 2362 1316 2424 de·

125 2466 219 2526 derat
241 2466 391 2545 imperio;
415 2484 552 2545 quorum
576 2464 744 2528 verborum
767 2464 849 2528 duae
871 2467 1050 2547 propositae
1073 2476 1147 2528 sunt
1177 2465 1316 2546 explica-

126 2571 242 2646 tiones,
268 2569 365 2630 altera
388 2587 405 2630 a
428 2568 606 2648 Gebhardo,
631 2580 667 2631 ut
689 2571 773 2650 ipsae
794 2568 886 2632 tudes
910 2579 1032 2649 essent,
1059 2571 1091 2630 in
1114 2569 1233 2649 quibus
1256 2569 1314 2651 ipsi

123 2673 291 2753 principos
314 2682 421 2735 essent
443 2674 521 2752 nati,
547 2673 644 2734 altera
666 2693 683 2734 a
703 2674 877 2753 Buchncro,
903 2684 938 2735 ut
961 2675 1101 2755 ipsorum
1124 2673 1316 2753 significaret

126 2778 234 2838 hmioe
256 2784 284 2838 et
306 2772 449 2838 Aeolidis.
497 2778 613 2839 Harum
638 2777 882 2859 explicationum
912 2777 1043 2839 alteram
1066 2786 1169 2839 utram
1193 2795 1313 2857 omnes,

125 2880 184 2958 qui
209 2881 348 2959 ipsorum
371 2882 590 2959 retinuerunt,
623 2882 722 2943 secuti
753 2890 844 2955 sunt3
887 2881 1024 2960 priorem
1055 2899 1111 2959 ego
1134 2898 1261 2960 quoque
1284 2880 1316 2940 in

125 2984 230 3064 prima
253 2983 410 3046 editione:
436 2992 547 3044 neutra
571 2983 644 3045 ferri
669 2992 782 3064 potest.
830 2984 907 3044 Nam
930 2985 1014 3064 ipsae
1036 2982 1127 3045 uides
1157 3002 1219 3044 non
1242 2992 1317 3046 suut

124 3087 303 3148 contrariae
326 3087 457 3149 aliorum
481 3085 625 3165 urbibus²
651 3087 707 3149 sed
723 3087 794 3148 aliis
818 3086 928 3162 rebus;
957 3097 1144 3166 nequo-tam
1167 3085 1315 3168 ambiguo

125 3192 299 3270 quisquam
322 3191 502 3272 scripserit,
534 3200 570 3252 ut
599 3192 736 3272 ipsorum
760 3189 881 3252 urbium
906 3191 1092 3271 coniungat,
1125 3176 1197 3252 cum
1228 3193 1316 3271 prius

127 3292 316 3356 vocabulum
340 3294 380 3356 ab
402 3296 499 3356 altero
522 3305 630 3375 aptum
654 3314 723 3356 esse
739 3294 835 3369 velit;
864 3305 893 3355 et
917 3295 943 3356 si
967 3295 1103 3356 maxime
1119 3295 1176 3356 hoe
1191 3293 1316 3356 lecisset

124 3399 241 3478 Nepos,
266 3417 329 3458 non
346 3408 467 3478 poterat
490 3399 605 3460 loniam
629 3408 659 3460 ct
675 3397 838 3460 Aeolidem
862 3397 967 3461 dicere
991 3399 1087 3479 ipsos,
1113 3417 1153 3459 ne
1169 3397 1226 3458 hos
1242 3398 1315 3477 qui-

124 3501 200 3562 dem
225 3503 325 3582 ipsos,
358 3521 429 3564 cum
453 3503 538 3564 nulla
562 3521 655 3564 causa
678 3513 780 3573 esset,
813 3521 870 3565 cur
892 3503 947 3563 has
978 3503 1122 3582 regiones
1145 3500 1314 3582 praecipua

123 3604 276 3665 orationis
299 3613 370 3665 nota
395 3606 522 3666 efferret
546 3615 577 3666 et
599 3603 639 3666 ab
663 3604 733 3667 aliis
761 3616 935 3686 separaret.
982 3604 1100 3666 Eadem
1130 3613 1235 3666 eutem
1264 3622 1316 3667 res

126 3717 284 3788 repugnat
312 3709 500 3770 coniecturis
523 3706 664 3770 Lambini
695 3710 830 3788 ipsorum
861 3718 888 3768 et
913 3708 1089 3771 Guentheri
1117 3727 1134 3769 a
1157 3707 1315 3769 Dietsehio

126 3821 273 3891 receptae
304 3815 368 3893 ipse
397 3831 524 3873 cerami:
560 3832 631 3874 nam
665 3830 770 3892 neque
794 3810 879 3892 quod
902 3813 1080 3893 principum
1115 3811 1186 3873 illae
1219 3809 1316 3875 urbes

125 3924 228 3993 erant,
255 3934 360 3995 neque
383 3915 468 3996 quod
490 3916 603 3977 Darius
626 3916 758 3997 imperia
781 3915 931 3993 dederat,
957 3914 1039 3976 ultra
1062 3914 1187 3977 solitum
1210 3914 1315 3997 signi-

127 4017 286 4080 lieandum
311 4029 389 4080 erat.
437 4019 546 4099 Neque
577 4020 660 4080 enim
687 4021 736 4081 his
759 4018 799 4081 do
829 4019 933 4080 causis
956 4016 1051 4079 iidem
1082 4018 1144 4079 illis
1166 4015 1314 4097 habebat,

124 4121 204 4200 sed,
237 4133 271 4184 ut
301 4121 454 4203 deinceps
482 4122 637 4202 refertur,
663 4123 738 4204 quia
761 4132 793 4186 et
814 4123 907 4185 amici
931 4123 998 4184 eius
1027 4131 1133 4184 esseut
1156 4130 1188 4183 ct
1210 4130 1245 4183 ut
1268 4130 1318 4202 ty-

125 4227 237 4288 rannis
260 4245 336 4308 rege
359 4227 524 4289 Persarum
547 4246 696 4307 oppresso
718 4226 804 4289 nulla
827 4246 902 4308 spes
924 4225 1036 4289 salutis
1059 4225 1312 4309 relinqueretur3

127 4398 336 4409 ——n-

199 4502 221 4565 *ὲ
243 4503 338 4568 [Indae
355 4506 432 4555 schol.
453 4508 517 4555 oeet.
539 4517 564 4554 o.
586 4502 673 4567 mu]
