3068 5114
494 320 682 380 Srrcnncruu
706 338 853 380 cnrrreuu.
1237 307 1257 373 5

79 511 243 592 plerisque
266 529 338 571 cum
361 511 477 589 priore,
503 509 553 569 hic
576 528 647 570 curn
671 509 769 569 altero
792 510 974 585 consentiat,
1000 507 1039 569 ad
1056 508 1141 587 ‘quod
1165 510 1258 570 ctiam

77 615 248 675 Vossianus
269 614 399 690 tertius,
425 611 464 672 de
487 630 548 691 quo
571 630 632 672 non
660 613 736 671 satis
757 621 894 688 constat,
921 610 1047 671 videtur
1069 613 1255 692 pertinere);

79 737 117 778 cx
147 718 242 778 tertio
271 715 409 794 denique
439 716 551 794 reliqui
582 734 691 775 omnes
720 716 774 793 qui
804 713 932 792 quidem
964 715 1055 793 paulo
1084 717 1259 775 accuratius

80 823 141 881 sint
165 821 279 881 collati.
326 818 389 880 Sed
412 819 443 878 hi
467 837 545 898 quos
568 828 708 879 extremo
730 818 795 877 loco
819 819 1069 894 commemoravi,
1088 837 1165 896 quos
1185 817 1259 878 brc-

81 925 187 984 vitatis
211 942 302 984 causa
326 920 501 984 deteriores
523 920 697 1001 appellabo,
723 931 754 980 et
777 921 809 979 in
832 920 922 999 plura
946 939 1060 999 genera
1077 919 1256 999 discedunt,

80 1037 112 1088 et
135 1045 248 1088 rursus
271 1028 303 1088 in
326 1026 459 1106 singulis
482 1045 552 1086 oum
567 1022 680 1086 horum
696 1043 846 1103 generum
871 1022 1011 1085 contusio
1027 1033 1092 1084 tum
1109 1026 1259 1084 correctio

81 1149 120 1190 ex
143 1129 214 1189 aliis
236 1127 397 1189 codicibus
420 1131 489 1190 eius
504 1129 700 1208 potissimum
725 1125 859 1187 familiae
883 1128 972 1186 cuius
995 1125 1118 1187 codices
1137 1127 1258 1205 collegii

80 1232 210 1292 Romani
235 1242 267 1291 et
282 1233 448 1292 Savarcnis
471 1240 543 1292 sunt
566 1240 706 1310 apparet.
746 1231 862 1289 Verum
886 1229 962 1290 haec
977 1230 1125 1310 persequi
1151 1230 1260 1290 inutile

80 1346 147 1412 est,
172 1353 243 1395 cum
267 1354 303 1396 ea
326 1337 366 1395 sit
390 1335 500 1395 horum
529 1334 671 1395 codicum
702 1331 841 1393 condicio
871 1343 905 1393 ut
933 1343 1000 1393 tum
1030 1332 1158 1394 demum
1189 1353 1260 1394 cum

80 1447 135 1498 aut
163 1457 272 1498 omnes
301 1447 356 1499 aut
384 1438 528 1517 plerique
560 1438 754 1497 consentiant
783 1446 813 1495 et
842 1435 919 1514 quid
954 1438 986 1496 in
1015 1436 1121 1497 codice
1153 1456 1260 1496 eorum

80 1541 224 1620 principe
254 1542 405 1619 scripturn
435 1539 530 1602 fuerit
552 1539 769 1601 demonstrent
798 1538 836 1599 ad
868 1539 1039 1601 cruendam
1070 1539 1186 1600 codicis
1209 1559 1261 1600 ar-

81 1642 208 1722 chetypi
240 1644 432 1723 scripturam
461 1642 606 1704 adhiberi
638 1643 767 1722 possint.
832 1643 937 1721 itaque
973 1644 1023 1703 his
1054 1644 1170 1703 relictis
1200 1663 1261 1722 quo

81 1745 205 1806 facilius
232 1747 448 1826 percipiantur
470 1765 550 1825 quac
573 1746 612 1807 de
641 1747 762 1824 origine
792 1745 933 1806 codicum
956 1746 1186 1824 disputavimus
1210 1757 1260 1807 ta-

81 1847 187 1909 bulam
212 1851 405 1928 cognationis
427 1849 559 1926 subieci,
585 1851 700 1928 inqua
724 1847 847 1909 codices
870 1850 923 1928 qui
947 1851 1113 1929 perierunt
1134 1851 1261 1911 Graecis

81 1952 198 2013 litteris
220 1954 386 2033 significati
410 1962 493 2013 sunt,

441 2071 480 2133 A

238 2211 402 2262 Danielinus.
670 2213 700 2273 Β

550 2298 824 2322 ——lb-

501 2332 762 2396 Gueipherbytonus.
827 2334 857 2392 Γ

609 2443 1097 2678 Α

579 2695 612 2756 Δ
829 2695 859 2757 E

507 2782 680 2880 s‘anERn.
747 2782 941 2867 cffiffi.
1004 2783 1172 2868 KRR

577 2890 638 2935 cett.
794 2888 886 2936 Satur.

171 2994 235 3054 lam
265 3011 340 3053 vero
370 3012 441 3054 cum
470 3013 579 3055 omnes
608 2993 732 3054 codices
761 2995 815 3072 qui
852 3005 1022 3074 supersunt
1051 3016 1091 3056 ox
1121 3015 1183 3056 uno
1213 2998 1264 3056 iilo

87 3117 179 3178 quem
206 3097 308 3156 littera
332 3093 370 3155 A
392 3097 637 3175 significavimus
667 3097 795 3158 fluxisse
819 3109 1012 3176 compertum
1036 3101 1094 3177 sit,
1126 3119 1264 3179 eaquae

88 3202 189 3281 Nepos
210 3201 338 3280 scripsit
361 3219 422 3260 non
439 3219 528 3279 posse
552 3202 674 3262 restitui
698 3211 829 3281 apparet
851 3202 911 3262 nisi
929 3201 1006 3280 quid
1028 3203 1059 3263 in
1084 3204 1135 3263 itto
1159 3203 1264 3264 codice

88 3306 238 3383 scriptum
262 3303 359 3364 inerit
388 3313 562 3364 teneamus.
609 3303 711 3384 Atque
743 3303 775 3364 id
798 3304 927 3383 quidem
951 3304 1082 3367 dubium
1113 3326 1174 3366 non
1206 3309 1266 3368 crit

89 3428 158 3468 rum
181 3427 289 3469 omnes
317 3406 441 3468 codices
471 3402 683 3478 consentient:
718 3409 749 3468 in
774 3407 920 3470 dissensu
944 3408 1086 3470 codicum
1115 3409 1265 3471 conside-

90 3511 222 3572 randum
252 3520 299 3572 est
328 3510 405 3590 quid
435 3510 632 3590 sequendum
656 3510 812 3573 videatur.
866 3513 928 3571 lam
958 3515 1095 3592 primum
1125 3515 1163 3574 iis
1192 3514 1266 3574 locis

88 3612 204 3693 quibus
227 3614 408 3675 Danielinus
432 3623 462 3674 ct
485 3613 537 3674 ille
560 3614 639 3675 alter
662 3614 761 3676 codex
784 3615 874 3677 cuius
896 3616 1050 3695 scriptura
1065 3596 1113 3676 cx
1137 3618 1267 3696 reliquis

89 3715 225 3778 efficitur
243 3715 444 3793 dissentiunt,
471 3736 541 3777 cum
566 3737 605 3778 ex
628 3718 666 3778 iis
691 3718 786 3780 rebus
809 3738 887 3798 quas
910 3739 1005 3799 supra
1028 3721 1267 3779 commemoravi

90 3819 287 3880 Daniclinum
320 3818 411 3899 longe
446 3819 489 3878 illi
527 3819 617 3880 alteri
652 3819 750 3881 codici
784 3823 981 3901 praestitisse
1016 3823 1263 3900 cognoverimus,

70 3921 279 4004 ‘ubicumque
307 3920 488 3983 aberratum
517 3941 586 3983 esse
618 3925 649 3984 in
672 3924 836 3985 Danielino
864 3926 959 3986 certis
988 3925 1183 4003 argumentis
1210 3924 1268 3986 de·

92 4035 263 4087 monstrare
287 4045 349 4086 non
372 4027 567 4103 potuerimus
590 4027 674 4087 hunc
703 4028 801 4107 ipsam
831 4027 948 4088 codicis
976 4028 1137 4108 archetypi
1161 4028 1267 4107 scrip-

90 4141 192 4191 turam
214 4147 359 4190 servasse
382 4127 575 4189 censendum
599 4132 675 4206 erit;
709 4130 811 4191 sicubi
843 4133 959 4191 erroris
982 4132 1033 4191 hic
1061 4130 1160 4191 codex
1189 4151 1268 4191 con·
1339 4195 1341 4198 Α

90 4235 191 4294 victus
207 4231 304 4294 tuerit
327 4231 360 4293 id
383 4251 451 4294 esse
467 4233 666 4294 verissimum
690 4233 775 4295 unde
793 4234 939 4296 facillime
963 4255 1051 4296 error
1075 4235 1159 4297 iliius
1180 4238 1267 4297 nasci

88 4338 237 4418 potuerit.
284 4334 325 4396 m
346 4337 532 4416 plerumque
555 4346 722 4416 antequam
744 4339 943 4400 Danielinum
971 4349 1001 4401 et
1024 4340 1112 4400 illum
1134 4339 1267 4400 alterum

21 4506 25 4511 ,
89 4441 228 4504 codicem
252 4459 347 4520 quern
369 4441 400 4503 Β
422 4438 560 4503 diximus
588 4439 779 4503 contendere
809 4443 964 4521 possimus
993 4442 1155 4505 dissensus
1186 4442 1266 4504 reli·
1341 4517 1344 4526 y
