3076 5122
539 154 545 200 Ι

171 346 244 418 222
464 362 693 422 Euuaolrroans
717 362 921 422 llrsronnaun
944 361 1057 422 Tactrr.

170 552 202 612 in
218 548 395 612 biremibus
418 558 449 611 et
472 551 585 612 ceteris
603 549 749 611 navibus.
783 550 934 611 Distinxit
957 550 1053 629 igitur
1068 549 1145 611 haec
1167 569 1186 610 a
1208 550 1358 630 superio-

168 651 258 714 ribus
279 662 311 714 et
334 671 449 715 vanum
472 653 708 734 Bipontinorum
735 663 881 714 conatum
910 653 1037 731 reiecit,
1068 654 1124 732 qui
1147 663 1205 734 p'ro
1227 657 1280 715 se?
1302 653 1357 713 illo

165 753 331 834 ferentium
357 756 458 836 posito
491 756 659 818 resarsisse
688 774 723 817 se
745 755 905 819 delectum
934 754 1115 836 sperabant.
1164 754 1229 818 Sed
1260 757 1357 818 etiam

168 867 239 939 post
271 866 377 940 captae
410 860 560 921 nonnulla
594 858 791 922 exciderunt.
848 862 972 921 Lintres
1005 859 1090 920 enim
1124 857 1357 922 Germanorum

169 970 277 1023 erant:
309 981 328 1023 a
350 963 497 1024 Romanis
519 972 624 1024 autem
647 963 741 1044 paulo
763 972 836 1025 ante
859 979 955 1024 noves
978 971 1138 1043 ceperant,
1168 961 1210 1024 de
1232 980 1298 1043 qua
1321 983 1357 1025 re

169 1084 196 1125 o.
222 1066 263 1127 22
295 1065 429 1127 relatum
457 1075 516 1128 est.
568 1067 631 1128 Eae
661 1066 728 1146 hic,
764 1065 821 1128 ubi
855 1066 980 1146 singula
1008 1067 1206 1146 navigiorum
1236 1086 1358 1147 genera

169 1177 414 1247 enumerantur,
449 1187 485 1230 eo
513 1171 619 1232 minus
652 1169 764 1231 lintres
796 1168 950 1250 appellari
980 1178 1127 1250 possunt,
1159 1188 1231 1232 curn
1260 1171 1356 1250 paulo

169 1280 241 1333 ante
265 1271 375 1333 lintres
398 1271 626 1335 Germanorum
655 1283 951 1334 commemorentur.
998 1272 1052 1351 Et,
1078 1271 1165 1354 quod
1187 1292 1256 1334 rem
1279 1293 1357 1335 oon-

170 1376 244 1452 lioit,
271 1374 407 1437 navibus
429 1377 638 1438 Romanorum
661 1395 740 1456 quas
763 1385 915 1456 ceperant
937 1374 1086 1437 Germani
1108 1385 1193 1438 certe
1216 1395 1280 1437 non
1304 1395 1358 1439 sa-

169 1477 252 1558 gulis
275 1497 331 1558 pro
354 1479 434 1542 velis
456 1498 535 1559 opus
557 1488 635 1541 erat.
683 1477 878 1549 Exciderunt
900 1480 997 1560 igitur
1019 1477 1175 1559 quaedam
1198 1477 1239 1541 de
1264 1481 1358 1541 navi-

169 1581 229 1642 bus
244 1583 338 1661 paulo
360 1592 432 1644 ante
456 1583 572 1663 captis:
599 1591 759 1663 postrema
780 1593 886 1645 autem
901 1581 941 1646 de
960 1581 1111 1644 lintribus
1126 1582 1357 1645 Germanorum

169 1684 330 1746 dicuntur.
366 1686 450 1746 Hanc
466 1705 593 1766 quoque
609 1685 752 1747 lacunam
774 1685 958 1748 oblitterare
974 1687 1130 1766 Bipontini
1148 1685 1355 1766 studuerunt,

170 1794 259 1868 aptae
275 1788 381 1849 lintres
397 1789 599 1868 corrigentes
619 1789 731 1850 vitiosa
746 1790 897 1868 oratione,
917 1807 999 1868 quae
1016 1788 1353 1871 idoneaerequirebat,

256 1993 337 2054 llaec
360 1993 590 2073 praemisimus,
617 2003 653 2056 ut
667 1995 738 2073 Vos,
764 2013 896 2056 cumron
910 2012 1157 2072 srnrnnmrssru,
1182 2012 1357 2057 rnoucror

170 2114 333 2158 acannnnn
361 2114 534 2176 alumnos,
572 2116 678 2160 oncant
707 2116 821 2160 onnrurr
851 2116 983 2160 ornum!
1017 2114 1125 2159 marna
1154 2115 1353 2177 sancraottns,

170 2218 364 2262 rnorsssonns
386 2218 610 2280 ittosrnrssrnr,
637 2219 788 2264 nocronns
810 2219 985 2278 otamssuu,
1010 2219 1230 2263 connrtrronns
1254 2221 1356 2263 nun-

170 2321 289 2381 rossnu,
314 2301 355 2365 ad
377 2301 569 2366 audiendam
591 2305 776 2382 orationem,
802 2323 865 2385 qua
888 2322 1003 2366 munus
1024 2302 1211 2384 professoris
1234 2303 1355 2385 publici

171 2405 322 2469 ordinarii
359 2407 552 2487 auspicaturi
589 2427 715 2487 sumus,
756 2410 840 2470 omni
878 2426 941 2488 qua
974 2426 1032 2488 par
1068 2417 1116 2470 est
1152 2406 1356 2471 observantia

172 2510 389 2571 invitaremus
918 2501 927 2535 '¹
