3076 5122
613 320 645 380 lu
669 318 821 380 Cosmum
843 317 960 379 Nrrorr

740 1552 842 1643 ver(
873 1503 875 1506 Α

262 1842 388 1950 Hann.
415 1887 445 1962 4,
472 1887 488 1945 4
514 1904 586 1947 cum
617 1882 766 1944 inlibris
792 1882 944 1963 scriptum
974 1892 1056 1944 esset
1081 1884 1113 1943 Ρ.
1130 1882 1297 1944 Seruilium
1323 1883 1381 1943 Ge·

191 1991 318 2067 minum,
345 1988 484 2068 itemque
502 1987 568 2048 Cat.
590 1988 618 2064 4,
637 1987 656 2047 2
682 1987 714 2046 P.
736 1985 860 2046 Claudii
874 1987 1015 2060 Neronis,
1041 2003 1177 2065 quorum
1200 1985 1247 2046 illi
1272 1986 1379 2058 Gnaei,

110 2072 112 2075 ⁵
192 2092 266 2152 huic
290 2091 362 2152 Gaii
382 2109 575 2170 praenomen
598 2088 695 2150 fuisse
725 2097 898 2161 constaret,
935 2099 1102 2169 postquam
1133 2089 1212 2149 haec
1242 2087 1383 2150 librariis

193 2194 297 2273 potius
325 2212 420 2273 quam
449 2194 561 2274 Nepoti
591 2190 763 2254 tribuenda
792 2193 858 2253 visa
888 2203 962 2253 sunt
990 2189 1076 2272 (item
1099 2202 1134 2254 ut
1157 2193 1258 2253 Hann.
1285 2193 1337 2270 ⁴2,
1366 2193 1376 2251 t

191 2298 226 2357 L.
246 2297 387 2372 Quintius
403 2296 594 2358 Flamininus
610 2314 668 2375 pro
688 2295 750 2356 Tito
765 2294 909 2374 positus),
937 2294 970 2354 in
987 2293 1164 2355 minoribus
1188 2292 1383 2355 editionibus

190 2398 373 2480 aliquando,
406 2400 481 2480 quia
506 2400 561 2460 Cu.
588 2408 620 2460 et
645 2399 676 2459 G.
703 2417 720 2458 a
748 2396 885 2457 librariis
921 2397 953 2458 iu
979 2391 1010 2458 Ρ.
1040 2407 1186 2478 corrupta
1217 2415 1289 2458 esse
1320 2416 1380 2458 non

191 2502 268 2563 satis
295 2501 459 2582 probabile
489 2500 657 2582 putabam,
696 2500 901 2580 praenomina
930 2500 1037 2560 omisi:
1075 2518 1161 2561 nunc
1196 2501 1237 2560 ita
1265 2509 1379 2579 statuo,

192 2603 271 2666 illud
290 2624 324 2685 p.
350 2613 385 2666 ut
407 2605 548 2665 omnium
571 2605 813 2684 praenominum
837 2606 1023 2683 notam'pro
1045 2604 1179 2683 singulis
1201 2603 1382 2683 praenomi-

192 2704 296 2783 nibus,
324 2724 406 2785 quae
428 2705 568 2767 scribere
593 2723 656 2766 non
671 2704 799 2779 liberet,
824 2704 988 2767 alibrario
1012 2724 1082 2767 esse
1098 2707 1243 2785 positam.
1264 2702 1384 2786 (Nepos

191 2809 288 2884 enim,
313 2807 370 2869 ubi
392 2809 528 2888 primam
550 2807 657 2888 aliquo
681 2808 745 2868 ioco
770 2808 906 2869 hominis
935 2809 1069 2870 alicuius
1092 2808 1222 2869 Romani
1246 2811 1384 2870 mentio*

192 2928 265 2971 nem
289 2909 379 2985 iacit,
414 2920 595 2973 constanter
618 2929 811 2991 praenomen
841 2912 990 2991 apponit,
1023 2912 1084 2973 nisi
1107 2911 1159 2972 ille
1182 2920 1229 2973 est
1253 2913 1384 2974 notissi-

193 3031 274 3074 mus.
322 3015 375 3074 Sic
396 3013 477 3074 dixit
507 3013 728 3076 adulescentem
751 3015 888 3076 Marium
910 3014 975 3075 Au.
1002 3016 1032 3089 B,
1059 3016 1078 3075 2
1108 3014 1312 3095 (quamquam
1336 3026 1383 3077 est

194 3115 227 3174 0.
246 3117 369 3177 Murius
389 3116 472 3196 filius
498 3117 526 3192 4,
553 3118 598 3198 4),
633 3117 752 3177 Sullam
776 3118 806 3190 4,
835 3117 864 3176 4.
889 3118 920 3177 B.
950 3118 998 3195 46,
1028 3118 1057 3191 4,
1096 3117 1267 3179 Ciceronem
1290 3118 1323 3192 4,
1351 3119 1380 3178 4.

193 3217 222 3296 5,
244 3219 274 3280 4.
293 3220 326 3294 9,
344 3220 375 3279 3.
404 3220 454 3295 m,
475 3220 504 3279 4.
524 3221 554 3280 4.
583 3221 633 3291 46,
660 3221 690 3280 2.
719 3221 748 3280 t.
777 3221 827 3294 48,
854 3221 872 3280 6
897 3230 928 3281 et
953 3221 985 3281 in
1009 3220 1182 3300 fragmento
1201 3219 1383 3300 Guelpher-

192 3320 319 3401 bytano,
347 3322 503 3384 Cicerones
529 3323 580 3398 45,
605 3324 623 3383 3
653 3322 705 3403 (M.
730 3323 832 3384 Cicero
862 3333 910 3384 est
933 3321 997 3384 mr.
1026 3325 1054 3396 4,
1081 3326 1112 3384 4.
1138 3323 1169 3398 5,
1196 3324 1228 3384 3.
1256 3323 1307 3399 46,
1338 3326 1380 3401 4),

194 3424 336 3486 Catonem
365 3425 419 3500 45,
446 3427 483 3502 3,
526 3427 696 3506 Pompeium
720 3425 751 3500 7,
779 3427 807 3486 4.
835 3426 873 3500 3,
916 3427 1076 3488 Gaesarem
1105 3427 1136 3505 7,
1162 3428 1194 3487 3.
1219 3428 1255 3504 8,
1291 3427 1322 3487 4.
1349 3429 1380 3501 3,

192 3529 306 3600 Brutos
329 3537 357 3590 et
380 3529 521 3590 Cossium
544 3530 575 3605 8,
604 3529 633 3603 4,
659 3531 790 3590 Brutum
814 3538 841 3590 et
865 3530 1005 3591 Cassium
1027 3532 1058 3603 8,
1084 3530 1115 3605 5,
1142 3532 1274 3592 Brutum
1296 3530 1328 3606 8,
1349 3531 1380 3591 3.

194 3631 224 3691 4.
252 3632 281 3690 6.
308 3633 338 3706 9,
365 3632 395 3692 3.
424 3632 474 3706 49,
503 3633 532 3692 4.
560 3632 610 3707 44,
649 3634 665 3692 4
696 3632 746 3709 (M.
766 3634 898 3694 Brut-um
914 3632 995 3694 dixit
1018 3635 1048 3705 8,
1075 3635 1106 3695 2.
1135 3634 1185 3704 46,
1214 3635 1242 3695 4.
1271 3634 1323 3707 48,
1348 3635 1379 3708 3,

195 3733 229 3793 0.
255 3734 395 3795 Cossium
428 3742 455 3797 et
487 3737 530 3797 M.
557 3737 688 3796 Brutum
713 3736 763 3808 tt,
790 3737 835 3814 9),
872 3734 1035 3798 Antonium
1059 3738 1090 3811 8,
1116 3737 1148 3797 5.
1174 3739 1205 3810 9,
1231 3738 1261 3798 2.
1289 3738 1321 3797 3.
1349 3740 1379 3798 6.

195 3837 246 3911 49,
275 3837 303 3896 4.
330 3839 361 3897 4.
390 3838 438 3909 48,
466 3839 495 3899 4.
523 3839 575 3913 89,
601 3838 619 3897 5
648 3837 701 3918 (M.
727 3836 888 3900 Antonium
915 3840 964 3914 (B,
991 3843 1020 3900 9.
1048 3841 1100 3914 89,
1128 3841 1173 3920 4),
1200 3840 1381 3903 adulescen-

193 3945 250 4000 tem
280 3940 441 4001 Goesarem
467 3941 517 4019 49,
546 3942 557 4000 4
598 3940 800 4021 eundemque
832 3943 992 4003 Caesarem
1019 3944 1068 4018 49,
1095 3944 1127 4018 3,
1154 3946 1184 4004 4.
1211 3945 1261 4020 99,
1289 3945 1319 4004 3.
1348 3945 1378 4021 5,

194 4039 361 4124 Aprippom
386 4044 435 4119 49,
463 4046 493 4104 4.
519 4045 572 4118 ut,
599 4046 615 4104 4
651 4046 703 4117 (M.
727 4046 903 4124 Vrpsouium
926 4042 1093 4128 Apripmom
1119 4048 1169 4121 49,
1197 4047 1240 4127 4),
1267 4050 1383 4110 Lucre-

193 4147 269 4206 tium
293 4146 502 4228 domitumque
527 4149 576 4228 49,
604 4149 634 4207 4.
681 4148 777 4222 item,
810 4159 844 4210 ut
874 4149 964 4208 homo
993 4150 1109 4211 litteris
1138 4162 1250 4223 notus,
1276 4152 1379 4212 Hann.

265 4420 288 4480 ⁵⁸(
311 4420 404 4483 [Index
421 4422 499 4471 schot.
520 4426 584 4472 cest.
606 4434 631 4471 o.
657 4421 743 4485 tm]
