3068 5114
201 328 249 399 68
621 339 653 400 ln
676 338 827 401 Coranum
851 340 967 401 Narorn

201 539 300 590 strant
329 548 410 609 quac
434 529 507 590 Mitt.
534 528 563 606 5,
590 529 608 586 3
634 538 664 589 et
686 527 749 589 Att.
776 530 826 605 20,
855 530 871 587 t
908 529 1023 605 scripta
1053 538 1144 603 sunt,
1182 527 1287 607 priore
1316 526 1380 587 ioco

201 636 265 694 um'e
288 654 303 693 e
326 634 444 715 reqioue
467 634 616 692 instructu
638 652 719 693 norro
741 633 842 712 portis
865 650 1000 709 minemo,
1033 633 1129 693 altero
1152 632 1228 691 aaut
1250 638 1313 692 trem
1334 630 1381 691 itis

200 740 309 815 terris,
343 757 413 798 reum
444 735 539 796 scribi
565 735 694 796 deberet
720 736 771 795 iilo
801 737 865 796 acie
887 737 1008 816 reqioue
1031 738 1179 796 rustmrcto
1201 753 1262 794 noo
1285 753 1381 815 oper-

200 844 339 905 tissumo.
367 849 400 900 ut
425 840 561 900 restituit
576 840 722 917 Rothius,
751 839 806 898 hoo
830 837 914 918 quod
939 838 1053 900 Paulus
1069 839 1226 900 Manutius
1247 838 1380 914 invenit,

200 962 242 1003 em
263 944 387 1004 ultumis
410 943 513 1002 terris.
555 941 670 1002 Eadem
695 940 735 1001 de
759 942 816 1002 hoe
840 943 904 1001 loco
928 942 958 1002 in
976 941 1123 1022 Philologi
1146 941 1208 1001 vol.
1234 959 1244 1001 1
1267 960 1301 1022 p.
1321 939 1381 1001 667

200 1046 366 1126 disputavi.
1313 1127 1316 1132 Ι

286 1150 376 1209 Eum.
403 1148 432 1226 7,
462 1149 473 1206 t
503 1148 581 1208 haec
605 1149 635 1207 in
660 1146 820 1208 codicibus
850 1149 965 1228 scripta
988 1158 1019 1208 et
1041 1147 1081 1208 ab
1108 1147 1256 1209 omnibus
1279 1145 1386 1208 edito-

201 1250 289 1313 ribus
312 1261 434 1312 scrvata
460 1261 551 1311 sunt:
589 1251 734 1311 inuidiam
765 1248 890 1328 caereus,
928 1269 1017 1331 quom
1049 1258 1147 1311 tumme
1169 1251 1302 1333 effuqere
1324 1270 1386 1312 nou

196 1355 304 1434 potuit,
330 1356 359 1413 si
377 1355 477 1433 potius
500 1355 563 1432 ipse
585 1353 755 1435 olieuiqeuo
777 1355 889 1413 suurmi
910 1354 1031 1433 imperii
1048 1356 1200 1433 potiretur
1214 1373 1306 1434 quum
1330 1353 1389 1416 ulii

200 1456 412 1533 Macedonum,
440 1454 632 1535 praetumidi
658 1463 727 1516 erut
753 1455 927 1529 multitudo,
964 1457 996 1515 iu
1024 1457 1185 1536 principiis
1207 1452 1389 1517 Aleaeuudri

199 1561 318 1619 rtomr'ae
341 1557 567 1618 tubernaculum
596 1560 755 1618 statuitis
778 1576 866 1638 eoque
893 1558 998 1619 sellom
1028 1577 1155 1619 cerream
1178 1577 1245 1619 crim
1267 1567 1387 1640 sceptro

200 1682 237 1722 ue
259 1661 427 1721 dioderuote
449 1662 537 1721 iussit
557 1663 741 1742 punicoque
764 1679 864 1722 omues
881 1661 1011 1742 quotidie
1033 1664 1204 1742 convenere,
1228 1670 1263 1724 ut
1284 1661 1388 1723 ibide

201 1767 326 1825 secuturis
350 1763 439 1823 rebus
465 1764 592 1824 corrsilio
606 1773 798 1844 cuperentur,
825 1764 950 1825 medeas
973 1767 1089 1825 minore
1110 1783 1142 1826 se.
1164 1765 1283 1826 invidio
1302 1765 1384 1847 fore,

201 1869 230 1927 si
251 1869 347 1946 speeie
371 1868 491 1945 imperii
511 1868 698 1947 uitarinisque
721 1867 912 1928 simulatione
934 1865 1110 1929 Alemoudri
1131 1867 1240 1943 bellum
1264 1868 1388 1930 uidere-

201 1977 252 2030 tur·
275 1969 503 2029 ‹relatiuistrore
550 1967 590 2029 At
613 1988 814 2049 nequaquam
839 1971 996 2032 Eumenes
1018 1989 1146 2051 sperare
1170 1980 1294 2051 poterat
1324 1972 1387 2032 mi·

201 2092 277 2133 nore
301 2092 334 2132 se
352 2071 469 2132 invidia
488 2071 552 2133 iore
569 2071 721 2152 quamdiu
747 2074 813 2152 ipse
829 2072 946 2134 bellum
963 2072 1182 2135 administrare
1198 2073 1384 2147 videbatur,

201 2176 346 2255 qrranuis
370 2175 426 2234 hoo
449 2194 482 2235 se
498 2173 671 2235 Alexandri
695 2177 845 2255 auspiciis
867 2175 969 2237 iacere
993 2176 1122 2238 diceret.
1170 2178 1247 2237 Nam
1271 2176 1305 2238 id
1328 2197 1388 2239 no·

202 2278 282 2339 biles
307 2279 349 2337 illi
374 2277 557 2339 Macedones
587 2297 691 2357 neque
715 2279 887 2340 Eumenem
917 2281 1064 2342 affectare
1094 2279 1249 2360 putabant
1278 2300 1387 2361 neque

203 2383 260 2462 ipsi
285 2380 473 2443 affectabant
495 2391 528 2441 ut
552 2382 618 2441 suis
641 2382 789 2461 auspiciis
805 2381 922 2443 bellum
945 2382 1213 2462 administrarent,
1239 2382 1297 2444 sed
1314 2403 1387 2446 cum

202 2484 232 2544 id
263 2485 413 2563 suspiriis
440 2482 613 2544 liberorum
636 2483 807 2544 Alexandri
830 2483 1122 2563 administraretur,
1156 2487 1205 2547 his
1233 2488 1389 2567 auspiciis

109 2620 116 2635 ·
202 2589 285 2666 ipsos
314 2588 419 2666 potius
448 2604 542 2664 quam
567 2587 740 2646 Eumenem
774 2586 995 2649 administrare
1025 2608 1162 2668 aequum
1197 2588 1385 2651 censebant.

201 2690 234 2747 lu
259 2687 369 2748 eadem
394 2689 491 2767 igitur
513 2689 669 2748 sententia
693 2690 897 2767 mansissent,
925 2691 950 2751 si
974 2692 1134 2752 Eumenes
1156 2711 1189 2752 se
1212 2690 1389 2754 Alexandri

163 2779 364 2868 araruspieiis¹
389 2788 507 2851 boilum
531 2790 753 2852 administrare
776 2793 965 2854 simulasset.
1014 2795 1052 2854 Et
1075 2813 1126 2854 res
1155 2795 1221 2874 ipsa
1252 2805 1286 2856 et
1309 2796 1386 2857 reli-

203 2912 337 2972 quorum
368 2894 555 2972 scriptorum
588 2895 725 2953 uarrratio
748 2893 839 2956 docet
869 2896 1100 2957 contentionem
1123 2895 1164 2958 de
1186 2898 1321 2978 imperio
1346 2899 1388 2960 ita

203 2997 312 3057 tollere
335 2995 493 3056 studuisse
510 2997 684 3057 Eumenem
708 3006 743 3057 ut
766 2996 797 3057 id
821 3017 928 3059 eorum
952 3000 1069 3061 ducum
1092 3001 1147 3079 qui
1171 3000 1306 3063 aderant
1328 3021 1390 3065 ne-

201 3101 277 3160 mini
307 3098 549 3171 concederetur,
587 3098 643 3160 sed
674 3099 714 3159 ab
744 3103 811 3179 ipso
833 3099 1012 3163 Alexandro
1042 3104 1142 3164 teneri
1166 3104 1387 3168 simularetur.

200 3202 305 3282 Atque
336 3203 377 3262 ita
405 3203 555 3281 Nepotem
587 3221 713 3282 quicque
742 3202 782 3263 de
812 3204 961 3265 Eumenis
991 3207 1119 3267 consilio
1149 3209 1297 3268 retulisse
1329 3208 1390 3270 de-

202 3315 374 3367 monstrant
399 3304 494 3366 rerba
519 3303 536 3386 §
558 3306 595 3364 3:
622 3307 699 3365 Nom
722 3325 789 3366 mint
812 3327 872 3366 eron
894 3308 935 3368 od
958 3311 1099 3370 Eumenis
1126 3312 1302 3391 principio,
1334 3313 1391 3375 sed

201 3410 242 3470 ud
258 3412 341 3491 reqiu
365 3410 577 3469 correeniretur
592 3416 680 3489 atque
704 3409 793 3469 ibide
815 3410 903 3471 rebus
919 3411 1149 3491 deliberaretur,
1169 3414 1389 3493 quodammodo

201 3511 321 3588 latebat,
348 3531 413 3572 mira
438 3520 536 3572 termera
559 3530 614 3590 per
637 3531 701 3571 earm
725 3531 818 3572 rtatim
836 3522 1015 3595 qererentur
1031 3518 1142 3576 erueretis.
1191 3517 1300 3597 ltaque
1324 3538 1389 3581 non

200 3616 432 3685 rielnrinistrure,
458 3613 514 3675 sed
538 3614 754 3675 odrru'nistrori
774 3617 909 3696 scripsit.

287 3720 372 3779 inter
395 3719 471 3779 haee.
495 3716 591 3777 rerba
615 3736 696 3796 quae
727 3718 817 3778 modo
848 3720 1085 3782 sententiavimus
1115 3731 1144 3782 et
1176 3743 1320 3803 eaquae
1346 3725 1389 3787 ad

201 3821 456 3882 ‹rrrtendationem
487 3830 625 3881 nostram
649 3821 893 3882 confirmandam
923 3824 1128 3903 ascripsimus
1160 3826 1191 3885 in
1222 3827 1390 3892 codicibus

203 3926 278 3984 hinec
310 3926 560 3985 interiiciuntur:
603 3925 688 3999 Quod
717 3932 744 3984 et
769 3924 850 4003 feeit.
900 3926 953 3985 liic
976 3945 1047 3986 cum
1072 3929 1289 4008 Heusingerus
1315 3931 1391 4012 fecit

202 4026 313 4087 eaedem
342 4027 569 4105 significatione
598 4037 694 4106 atque
723 4028 819 4106 effecit
847 4030 919 4107 poni
951 4047 1042 4108 posse
1071 4043 1218 4109 negasset
1246 4045 1276 4095 et
1302 4037 1392 4112 Quod

203 4129 298 4207 espect
320 4129 524 4190 scribendum
548 4129 697 4199 dixisset,
730 4131 782 4189 alii
812 4129 947 4191 oblocuti
978 4144 1050 4193 sunt
1082 4135 1134 4193 alii
1165 4151 1387 4217 assenserunt,

204 4250 265 4290 non
291 4232 331 4291 ita
356 4242 458 4291 tamen
484 4243 516 4293 ut
542 4233 579 4292 iis
597 4235 650 4311 qui
669 4234 863 4310 iteusingero
883 4247 1136 4313 repugnaverant
1159 4240 1236 4298 satis
1253 4242 1392 4304 tirmiter

205 4332 444 4412 responderent.
491 4334 595 4413 Atque
624 4336 767 4395 Bremius
793 4335 922 4414 quidem
953 4338 1030 4398 nibil
1061 4341 1163 4401 attulit
1196 4342 1390 4409 refutatione

204 4435 335 4514 dignum
358 4437 504 4515 ascriptis
527 4438 601 4497 loeis
626 4439 714 4497 Paus.
741 4440 770 4511 9,
797 4438 815 4496 5
841 4450 870 4499 ct
896 4440 985 4501 Eum.
1007 4443 1038 4503 ἓ.
1064 4443 1094 4519 5,
1121 4462 1258 4522 quorum
1281 4451 1390 4527 priore
