3068 5114
587 384 777 444 Sucunmuu
801 403 952 446 enirioun.

490 1124 676 1193 inuuunt
698 1129 748 1192 ET
773 1127 1034 1193 GORRlGENDA.

260 1302 338 1364 Cum
362 1303 445 1363 huno
476 1299 619 1362 libellum
643 1302 836 1382 amplissimo
866 1302 970 1364 ordini
1003 1301 1257 1382 philosophomm
1286 1302 1360 1362 uni-

170 1406 333 1468 versitatis
356 1405 529 1485 Lipsiensis
552 1404 591 1465 ud
615 1405 741 1466 veniam
765 1405 892 1486 legendi
916 1403 1152 1486 adipiscendam
1175 1404 1360 1467 obtulissem

169 1510 213 1572 de
242 1528 344 1589 eoque
373 1509 560 1572 alletoritate
590 1509 733 1570 eiusdem
763 1509 883 1571 ordinis
907 1509 1101 1589 disputatum
1132 1516 1232 1586 esset,
1266 1507 1360 1569 huius

168 1612 395 1693 disputationis
429 1611 569 1674 iruetum
607 1631 678 1673 euni
719 1612 865 1674 omnibus
904 1609 1201 1673 communicandum
1234 1613 1355 1691 putavi.

169 1717 376 1777 Coniooturos
398 1735 478 1794 quas
507 1717 746 1776 commemoravi
776 1716 889 1797 purtim
920 1717 987 1795 ipse
1018 1714 1115 1795 probo
1146 1715 1259 1795 partim
1288 1715 1359 1777 aliis

168 1819 299 1901 probari
337 1830 391 1881 out
420 1819 488 1880 veri
524 1819 707 1880 inveniendi
740 1821 820 1880 vium
859 1829 1033 1880 monstrare
1069 1837 1161 1899 posse
1200 1819 1354 1881 existimo.

167 1925 268 1984 Erant
289 1933 452 2003 praetereo
476 1941 558 2002 quoe
582 1923 649 2003 ipse
673 1922 858 2003 corrigenda
881 1921 1186 1984 animadvertissem.

258 2027 291 2086 P.
319 2026 357 2086 12
380 2045 407 2086 s.
435 2028 475 2087 22
503 2026 555 2107 [11
572 2045 601 2086 o.
618 2026 685 2106 27].
722 2025 790 2088 Alo.
818 2030 847 2105 6,
873 2028 1171 2087 3Westermnnnus
1194 2036 1224 2086 et
1247 2029 1358 2089 laeuus

166 2129 301 2212 probet,
327 2148 389 2190 non
412 2149 429 2190 o
453 2130 602 2207 lunello,
636 2140 671 2190 ut-
701 2130 786 2208 dixi,
819 2129 876 2191 sed
900 2150 916 2190 o
941 2132 1058 2191 Mureto
1081 2149 1146 2189 von
1168 2128 1357 2192 leott.1v.'i

167 2235 349 2310 inventum,
362 2241 392 2292 et
408 2251 463 2312 pro
479 2234 584 2294 eureis
601 2232 803 2294 scribendum
820 2243 928 2293 censet
944 2233 1070 2293 iuureis.
1095 2231 1192 2293 Addit
1205 2233 1358 2313 Hauptius

166 2353 287 2396 aeneos
309 2352 438 2395 coronas
464 2335 549 2415 apud
572 2345 698 2396 veteres
721 2336 855 2397 Graecos
886 2345 917 2396 ot
939 2337 1092 2396 Romanos
1120 2335 1223 2396 nullas
1245 2335 1354 2396 luisse.

258 2438 290 2497 P.
321 2437 356 2496 13
380 2455 408 2497 v.
435 2439 453 2496 3
485 2436 526 2498 nb
556 2438 609 2497 im.
639 2437 691 2519 [17
716 2458 745 2498 u.
775 2439 823 2520 12]
857 2439 935 2498 Cim.
963 2440 992 2516 l,
1018 2441 1037 2500 2
1069 2439 1223 2518 llnuptius
1254 2439 1356 2519 ipsum

161 2541 248 2621 forte
267 2539 397 2619 fortuito
420 2539 651 2602 restituendum
675 2551 774 2621 putut.

256 2645 289 2704 P.
315 2643 356 2706 37
379 2663 407 2704 v.
427 2645 461 2704 31
495 2645 592 2723 [151.
612 2645 680 2727 29].
711 2642 776 2705 Alc.
804 2645 836 2704 li
867 2647 910 2705 in.
937 2646 1069 2725 lluuptio
1093 2664 1149 2724 puo
1173 2655 1359 2708 consuerunt

166 2745 353 2829 ponendum
376 2746 505 2808 videtur
528 2750 714 2828 conspirant.

257 2851 290 2910 P.
318 2850 355 2909 l3
382 2867 411 2909 v.
439 2850 473 2910 21
503 2850 556 2930 [ὅθ
576 2869 605 2911 v.
627 2853 692 2929 11].
731 2849 844 2911 Chubr.
866 2852 1210 2929 l‚3Weste1·mannus
1232 2849 1357 2910 coniicit

165 2954 299 3015 athletae
321 2954 470 3035 ceterique
498 2956 629 3033 artifices
657 2956 723 3016 suis
746 2953 875 3015 statibus
904 2955 934 3014 iu
964 2954 1073 3014 statuis
1100 2952 1250 3033 ponendis
1273 2951 1357 3013 iube-

169 3064 240 3117 rent
261 3058 316 3134 uti,
343 3074 429 3131 cum
460 3056 615 3136 lleuptius
643 3057 772 3118 athletae
801 3058 948 3137 ceterique
970 3057 1101 3135 artifices
1125 3057 1155 3115 in
1184 3054 1353 3136 [stantibus]

166 3160 281 3220 statuis
300 3159 449 3238 ponendis
472 3167 631 3220 uterentur
647 3160 746 3221 eodem
770 3168 851 3222 statu
874 3178 931 3240 quo
955 3159 1023 3219 viel.
1059 3160 1106 3220 lle
1122 3159 1171 3219 hie
1188 3177 1228 3218 ne
1244 3159 1356 3219 lusisse

167 3260 301 3341 quidem
325 3263 400 3322 sutis
423 3263 500 3322 scite
525 3263 684 3342 intellego.

256 3365 287 3425 P.
316 3365 355 3423 lu
379 3383 406 3425 v.
434 3368 452 3424 8
479 3364 532 3444 [56
561 3384 590 3426 v.
610 3365 676 3452 25].
719 3368 777 3448 Ep.
805 3368 834 3443 3,
863 3369 879 3426 l
910 3365 1063 3445 Hauptius
1094 3363 1207 3445 profide
1236 3365 1355 3427 mavult

166 3466 310 3529 seribere
333 3466 437 3528 isdem.

258 3571 290 3630 P.
317 3570 356 3629 53
381 3572 447 3632 v.8
471 3570 512 3631 nb
536 3572 589 3631 im.
612 3571 780 3652 [611127]
807 3572 869 3631 Pel.
890 3574 920 3649 2,
939 3572 970 3631 5.
1007 3571 1083 3631 Male
1107 3579 1137 3630 et
1162 3569 1193 3629 in
1218 3568 1355 3631 editione

168 3672 267 3735 verbo
292 3693 348 3754 quo
371 3674 553 3735 studuerant
581 3673 801 3754 superioribus
825 3682 955 3754 teoipore.
979 3675 1042 3752 ipso
1066 3670 1266 3751 adiungenda
1290 3671 1355 3733 dixi

168 3786 202 3838 et
231 3777 282 3839 hic
314 3796 371 3863 eos
398 3776 590 3856 reprehendi
620 3778 674 3856 qui
711 3778 856 3855 sequenti
884 3778 1094 3856 pervenissent
1128 3773 1353 3836 adiunxerunt.
1423 3839 1425 3842 ,

173 3882 316 3959 Tempore
339 3881 422 3939 enim
447 3890 495 3940 est
518 3881 595 3941 iusto
619 3889 758 3959 tempore.

258 3983 289 4041 P.
317 3982 356 4040 65
378 4001 407 4043 v.
430 3984 468 4044 12
495 3982 548 4063 [71
567 3981 678 4062 υ.18[.
705 3982 749 4041 De
774 4000 861 4061 regg.
883 3983 911 4059 i,
930 3983 947 4040 3
968 3982 1121 4061 Hauptius
1144 3981 1269 4041 ooniieit
1286 3983 1356 4044 Mo-

169 4085 346 4167 ci·ocliii·que
379 4095 406 4147 et
439 4089 577 4148 Moenum
612 4105 675 4146 non
707 4086 853 4164 ignorans
883 4084 951 4144 illos
980 4083 1151 4167 particulas
1180 4083 1266 4144 nullo
1295 4083 1355 4144 ulio

169 4189 298 4269 Nepotis
321 4189 385 4250 loeo
411 4190 451 4249 itu
474 4190 560 4269 poni.

255 4293 287 4352 P.
314 4293 353 4352 90
378 4311 405 4353 v.
424 4292 460 4351 10
489 4291 559 4373 [101
576 4310 606 4352 o.
621 4290 692 4354 sao
712 4290 778 4372 iot]
794 4291 949 4371 llnuptius
972 4301 1025 4352 aut
1044 4289 1169 4372 pudebit
1191 4301 1245 4353 aut
1268 4292 1353 4372 quod

171 4397 201 4458 in
229 4395 337 4458 codiee
362 4396 507 4456 Patavino
537 4395 668 4475 legitur,
703 4393 835 4476 pudeat,
868 4392 1074 4456 scribendum
1104 4403 1186 4456 etv.
1215 4395 1254 4456 12
1283 4405 1354 4476 post

170 4499 311 4562 habueris
343 4497 556 4580 interrogandi
580 4498 704 4593 signum
728 4495 912 4579 ponendum
934 4506 1052 4558 censet.
