3076 5122
263 355 337 427 542
645 367 798 427 Visiones
822 384 1061 427 osssnvnrronou

259 576 391 619 numero
415 557 476 617 500
501 565 533 617 et
556 557 729 621 Parisinum
753 574 767 614 z
791 573 924 615 numero
952 553 1041 631 ¹576,
1068 553 1244 634 perbonum
1270 563 1443 634 utrumque

265 661 346 742 (uter
376 661 485 722 melior
514 660 571 737 sit,
609 657 748 720 discerni
781 658 835 717 vix
863 657 979 737 poterit
1011 675 1116 737 neque
1151 657 1285 719 multum
1315 656 1441 740 refert),

259 763 443 826 Leidensem
467 766 488 823 L
512 764 716 841 llavercampi
741 771 772 821 et
787 761 1004 836 Nazariauum,
1032 779 1166 840 quorum
1189 762 1327 840 pretium
1349 779 1444 822 accu-

259 869 358 929 ratius
380 867 528 927 constitui
552 865 683 944 poterit,
717 882 789 924 cum
812 864 905 943 plene
930 862 1050 923 luerint
1079 863 1183 923 collati
1218 863 1332 943 (neque
1356 865 1443 924 enim

257 969 386 1044 dubito,
412 971 490 1049 quin
513 969 704 1029 Nazarianus
731 965 835 1028 adhuc
856 967 970 1027 Romae
994 964 1106 1046 extet),
1131 967 1347 1027 Basilecusem
1376 969 1445 1046 pri-

260 1092 356 1148 mum,
384 1072 475 1152 paulo
500 1051 631 1150 reliquis
647 1070 853 1143 vitiosiorem;
882 1067 1025 1130 eiusdem
1034 1051 1179 1130 'familiae
1196 1071 1288 1149 quasi
1311 1070 1443 1131 alteram

257 1186 381 1256 partem
405 1174 547 1237 efficiunt
569 1172 799 1234 Einsiedlensis
822 1182 853 1233 et
876 1170 1142 1252 Guelferbytanus
1166 1173 1307 1252 quintus,
1333 1172 1443 1252 quales

258 1280 328 1340 eius
350 1279 522 1358 scripturas
551 1277 660 1338 retulit
682 1276 820 1348 Gentius,
853 1294 914 1335 non
942 1276 1136 1354 llietsehius,
1168 1286 1217 1353 et,
1242 1286 1278 1338 ut
1301 1275 1440 1353 videtur,

257 1363 535 1453 Commelinianus,
562 1381 724 1459 aliquanto
740 1377 871 1458 quidem
894 1378 1111 1458 superioribus
1127 1378 1300 1441 deteriores
1323 1390 1355 1440 et
1377 1399 1445 1440 ma-

257 1485 307 1564 gis
331 1485 424 1544 etiam
447 1483 567 1559 mutili,
601 1483 658 1544 sed
688 1492 793 1542 tamen
823 1501 863 1542 ne
894 1484 954 1562 ipsi
979 1480 1110 1561 quidem
1139 1481 1341 1563 neglegendi.
1389 1485 1444 1544 llis

259 1586 398 1647 bonitate
421 1604 483 1646 uon
508 1583 734 1664 comparandos
764 1603 833 1646 esse
857 1585 933 1645 alios
957 1583 1097 1662 codices,
1131 1586 1218 1645 velut
1240 1586 1444 1647 Turicensem

259 1698 291 1751 et
310 1691 509 1749 llanaceuses
526 1687 689 1767 quosdam,
716 1689 770 1767 qui
794 1708 865 1749 cum
890 1689 929 1748 iis
945 1689 1091 1767 coniungi
1115 1689 1215 1749 solent
1239 1698 1269 1749 et
1285 1690 1446 1749 coniuncti

258 1800 334 1853 sunt
357 1792 450 1852 etiam
474 1811 491 1851 a
514 1790 655 1867 lordauo,
681 1800 716 1851 ut
739 1791 904 1870 scripturis
927 1789 1171 1866 demonstratur,
1198 1809 1277 1870 quas
1300 1792 1443 1852 litteraC

260 1902 381 1954 notatas
410 1891 523 1971 refert,
561 1893 651 1954 facile
682 1893 862 1972 intelleget,
899 1895 1091 1973 quicumque
1127 1895 1303 1973 scripturas
1336 1913 1444 1956 eorum

259 1995 466 2058 examinabit.
514 1998 592 2058 lluio
616 1995 753 2058 familiae
783 1995 984 2057 adhibendus
1013 2007 1060 2057 est
1088 1997 1168 2058 alius
1192 1999 1317 2076 generis
1345 1997 1445 2059 codex

261 2101 428 2161 Vaticanus
455 2101 631 2160 orationum
662 2109 693 2160 et
722 2100 946 2179 epistularum,
987 2098 1026 2160 de
1057 2119 1118 2180 quo
1157 2119 1261 2162 meum
1291 2100 1444 2163 iudicium

259 2220 389 2282 semper
418 2200 503 2262 idem
534 2200 610 2279 luit,
644 2201 728 2281 quod
752 2201 891 2278 lordaui,
925 2201 1114 2263 deteriorem
1142 2222 1214 2264 eum
1245 2221 1315 2264 esse
1344 2205 1444 2265 altera

259 2307 378 2386 optima
402 2304 528 2383 familia,
556 2303 613 2366 sed
635 2305 691 2384 qui
714 2305 873 2385 complura
897 2325 972 2366 vera
995 2307 1079 2368 solus
1102 2308 1280 2367 servaverit
1304 2317 1346 2381 et,
1372 2326 1443 2368 cum

262 2427 324 2469 nou
347 2427 386 2468 cx
410 2407 520 2470 eodem
543 2407 649 2469 codice
673 2418 760 2469 ortus
783 2409 823 2469 sit
845 2418 939 2487 atque
963 2409 1000 2486 ii,
1027 2427 1105 2488 quos
1128 2427 1222 2489 supra
1245 2411 1441 2487 enumeravi,

262 2514 295 2572 iu
325 2511 473 2573 dissensu
506 2511 616 2571 horum
651 2529 799 2591 magnum
828 2510 952 2591 pondus
984 2510 1079 2572 addat
1111 2513 1141 2572 ei
1169 2513 1271 2592 parti,
1309 2531 1444 2592 quacum

261 2615 427 2692 consentit,
452 2614 513 2674 nisi
537 2614 594 2674 hoo
617 2615 703 2676 casui
726 2624 780 2687 aut
803 2615 943 2692 consilio,
970 2615 1002 2675 iu
1026 2613 1111 2694 quod
1132 2613 1281 2694 pluribus
1303 2615 1445 2677 incidere

261 2719 400 2799 proclive
424 2716 494 2795 tuit,
519 2715 724 2779 tribuendum
748 2736 817 2779 esse
832 2716 997 2798 probabile
1021 2719 1071 2779 sit.
1109 2718 1254 2780 Ceterum
1278 2737 1350 2780 cum
1373 2729 1446 2780 tan-

261 2831 329 2883 tum
351 2820 507 2882 tribueret
530 2820 629 2881 codici
653 2820 834 2882 Sorbonnae
857 2819 1025 2898 lordauus,
1051 2820 1142 2883 valde
1171 2823 1268 2882 miror
1298 2841 1371 2882 eum
1394 2841 1446 2882 se-

261 2933 370 2984 cutum
392 2941 455 2983 nou
479 2941 558 2999 esse,
585 2921 670 3002 quod
693 2925 720 2985 is
742 2924 905 2985 verissime
929 2922 1077 3003 tradidit,
1103 2923 1216 2985 sedin
1240 2925 1445 3005 inscriptione

264 3025 415 3086 Catilinae
438 3026 607 3087 retinuisse
631 3027 667 3088 de
688 3028 895 3088 coniuratione
913 3028 1070 3106 Catilinae,
1098 3026 1234 3089 indicem
1256 3026 1446 3089 aDietschio

263 3148 303 3191 ex
325 3147 351 3188 c.
379 3130 408 3206 l,
435 3129 452 3187 3
483 3130 552 3190 sine
583 3129 648 3190 ulla
679 3129 790 3190 idonea
813 3148 906 3190 causa
929 3129 1106 3191 confictum.
1153 3131 1235 3190 llaec
1258 3131 1342 3191 enim
1366 3131 1446 3210 legi-

174 3225 186 3250 ⁰
225 3254 250 3295 ro
263 3249 334 3292 mus
356 3231 389 3291 in
413 3231 475 3293 fine
499 3232 651 3293 Catilinae
674 3221 718 3293 in'
744 3233 795 3292 illo
819 3231 925 3293 codiee
947 3235 1081 3313 scripta:
1120 3234 1152 3294 C.
1180 3233 1323 3295 Sallustii
1345 3234 1448 3314 Crispi

264 3332 372 3394 bellum
391 3333 539 3395 Catilinae
561 3335 698 3414 empticit,
723 3336 828 3415 incipit
850 3334 957 3396 bellum
978 3335 1201 3418 lupertianum.
1249 3337 1333 3408 Quos
1355 3355 1445 3398 veros

263 3437 432 3515 utriusque
461 3436 536 3497 libri
567 3436 688 3498 indices
717 3456 787 3499 esse
810 3438 1021 3510 Quintilianus
1051 3437 1248 3501 demonstrat
1275 3457 1320 3499 ur.
1345 3441 1376 3516 8,
1402 3441 1443 3499 9:

265 3539 298 3599 C.
325 3539 491 3601 Sallustius
521 3539 650 3601 inbelle
680 3541 859 3623 Inpnrtbino
882 3549 910 3602 et
934 3542 1083 3602 Catilinae
1111 3541 1188 3602 nibil
1216 3542 1257 3603 ad
1285 3542 1445 3604 historiam

260 3631 481 3723 pertinentibus
504 3644 663 3724 principiis
686 3663 775 3706 orans
791 3652 854 3719 est,·
878 3644 932 3723 qui
949 3643 1087 3724 prolecto
1104 3664 1166 3706 non
1183 3644 1308 3706 diversa
1325 3646 1445 3707 ratione

264 3745 443 3828 lupnrtliina
473 3756 504 3806 et
529 3746 676 3807 Catilinae
705 3766 783 3808 usus
814 3757 914 3824 esset,
950 3748 1011 3808 nisi
1046 3750 1089 3809 ita
1124 3749 1156 3808 in
1179 3749 1320 3809 Sallustii
1354 3747 1446 3810 libris

263 3849 418 3928 scriptum
441 3850 621 3927 reperisset.

351 3952 458 4011 Finem
481 3950 591 4011 faciam
620 3952 652 4011 iu
681 3950 783 4012 tribus
806 3952 944 4013 Sallustii
974 3953 1064 4030 locis,
1097 3972 1229 4032 quorum
1257 3972 1341 4016 uuus
1368 3955 1445 4015 mihi

263 4053 385 4133 duplici
408 4054 484 4114 vitio
519 4052 679 4132 laborare,
718 4053 780 4116 duo
809 4075 825 4115 a
850 4057 1018 4136 propositis
1052 4056 1277 4118 mutationibus
1305 4055 1447 4118 breviter

265 4155 458 4218 defendendi
487 4156 646 4219 videntur.
699 4159 775 4218 Nam
807 4158 872 4219 Cat.
902 4160 951 4238 tt,
977 4161 994 4220 3
1028 4161 1104 4221 haec
1133 4161 1300 4241 leguntur:
1348 4163 1447 4242 lpitur

260 4262 362 4341 prima
381 4265 543 4340 pecuniae,
575 4261 682 4322 deinde
704 4264 825 4341 imperii
850 4262 957 4343 cupido
988 4265 1098 4331 crevit:
1136 4282 1172 4325 ea
1195 4266 1286 4345 qnasi
1306 4267 1447 4325 materies

263 4365 397 4424 omnium
420 4363 570 4424 malornm
590 4363 698 4443 foere;
723 4375 754 4426 at
777 4365 865 4427 initio
888 4386 914 4426 c.
943 4367 974 4425 ll
1004 4366 1065 4427 Sed
1084 4368 1182 4445 prima
1205 4368 1303 4448 napis
1326 4366 1448 4428 ambitio
