3068 5114
201 293 252 365 24
623 299 656 358 br
678 297 828 359 Cornucio
852 300 966 361 Nrrorr

203 498 233 574 i,
263 494 275 553 t
305 489 405 554 lucide
427 497 600 549 correctum
623 486 752 548 dilucide
777 487 918 564 (dilucide
938 489 1148 575 Dauietinus);
1175 499 1290 562 Timet.
1320 503 1392 581 t,3

201 598 425 662 constituerunt
446 592 667 672 suprascriptis
697 593 917 654 constituissent
938 601 1018 668 tnm;
1050 596 1150 659 ilann.
1177 601 1209 679 3,
1238 604 1250 661 t
1288 605 1395 685 effecto

201 709 378 766 correctum
403 696 524 776 suffecto
547 697 580 755 in
603 693 880 776 Guelpherbytnno
907 693 1085 776 (peculiaris
1109 721 1197 763 error
1220 716 1269 767 est
1293 707 1395 772 huius

201 802 347 884 codicis);
388 797 451 861 Att.
478 802 508 877 9,
539 800 558 860 2
588 799 869 860 commendationem
900 803 1113 883 suprascripto
1147 808 1196 868 vet
1225 814 1396 875 commedi-

201 919 293 973 tutem
317 909 348 968 in
372 904 535 965 Dauietino
558 914 588 964 et
607 903 657 980 ib,
675 903 694 960 5
714 903 903 983 praesidinm
926 909 1139 988 suprascripto
1162 912 1211 972 vei
1230 917 1396 993 praesidio

201 1017 235 1075 in
264 1011 376 1073 eodem
409 1006 652 1090 (commoditatem
679 1015 711 1066 et
735 1007 890 1086 praesidio
918 1009 1014 1069 ceteri
1042 1012 1176 1094 omnes).
1223 1014 1283 1096 Ag.
1311 1021 1345 1098 3,
1372 1022 1393 1083 2

201 1137 263 1179 non
279 1115 398 1177 definio
420 1122 528 1173 utrum
552 1111 631 1171 mala
654 1111 831 1170 coniectura
854 1111 886 1171 iu
908 1113 1077 1194 archetypo
1100 1134 1196 1196 supra
1218 1121 1395 1207 insignius-

201 1242 257 1304 que
286 1220 442 1299 scriptum
472 1215 569 1277 fuerit
599 1212 823 1297 insipnibnsqne
856 1234 894 1274 an
929 1215 985 1275 hoc
1008 1237 1066 1297 per
1099 1239 1238 1283 errorem
1269 1228 1395 1308 scripto

202 1324 282 1388 illud
305 1320 483 1402 corrigendi
508 1339 600 1380 causa
624 1320 872 1398 suprascriptum
889 1321 941 1398 sit,
966 1321 1021 1382 scd
1037 1322 1226 1386 alterutrum
1243 1329 1276 1388 in
1293 1350 1394 1393 (eausa

202 1429 262 1492 iuit
279 1437 312 1490 ut
330 1429 361 1488 in
378 1422 572 1503 ueniebam)
591 1422 784 1484 scriberetur
799 1423 1032 1505 insipnibnspne,
1059 1427 1089 1485 in
1106 1427 1393 1515 Guelpberbytauo

203 1533 401 1615 insipniisquc
423 1529 648 1609 suprascriptis
670 1547 691 1587 u
713 1536 745 1587 et
767 1527 855 1606 i'bns,
881 1547 1015 1608 quorum
1038 1533 1142 1610 priore
1170 1534 1198 1594 is
1221 1538 1277 1615 qui
1303 1539 1393 1603 hune

201 1637 342 1698 codicem
364 1633 507 1694 exaravit
530 1633 597 1712 ipsc
620 1650 713 1691 suum
736 1650 873 1692 errorem
896 1635 1041 1694 correxit.
1087 1635 1233 1717 Denique
1256 1639 1394 1706 dubit-a-

201 1744 320 1802 tionem
343 1737 542 1798 librariorum
566 1735 605 1797 de
629 1737 785 1816 scriptura
808 1734 924 1796 codicis
946 1756 1041 1816 quem
1060 1737 1286 1804 describebant
1311 1747 1393 1810 hacc

202 1842 397 1925 significant:
419 1840 485 1920 lpht
505 1841 536 1919 2,
555 1838 720 1900 usedomi
734 1840 777 1901 ui.
791 1838 983 1922 odcium't**)
1000 1843 1031 1901 in
1045 1843 1225 1922 Danielino;
1241 1845 1300 1929 Ag.
1322 1854 1335 1911 t
1345 1899 1353 1930 ‚
1372 1853 1384 1912 t

163 1966 189 2007 m
204 1951 290 2010 inssn
313 1946 526 2027 suprascripto
549 1945 645 2005 missu
668 1945 699 2004 iu
722 1944 902 2022 Danielino,
927 1947 1021 2006 missu
1049 1935 1273 2032 su'prascripto
1301 1956 1391 2018 iussu

204 2057 236 2114 in
260 2049 549 2132 Gueipberbytano,
576 2049 637 2109 nisi
660 2050 765 2129 potius
787 2049 846 2110 boc
868 2048 927 2111 tuit
950 2050 981 2109 in
1005 2060 1139 2131 utroque
1162 2054 1281 2117 codice.
1330 2058 1391 2121 At-

203 2177 267 2239 que
292 2158 333 2216 ita
356 2176 392 2216 ea
415 2174 497 2236 quac
521 2163 607 2215 recta
629 2162 703 2214 sunt
726 2173 764 2213 ex
788 2154 845 2213 hoc
867 2172 982 2233 genere
1004 2167 1181 2236 comparata
1204 2178 1273 2220 esse
1295 2163 1390 2224 vide-

204 2280 291 2333 mus;
320 2258 397 2340 quid
421 2259 505 2338 quod
529 2259 599 2319 aliis
623 2258 698 2317 iocis
720 2277 756 2318 ea
779 2277 861 2337 quae
884 2267 938 2318 aut
961 2259 992 2318 in
1016 2259 1123 2322 codice
1146 2262 1317 2345 archetypo
1333 2279 1387 2329 aut

205 2369 236 2428 in
261 2386 297 2427 eo
314 2383 408 2445 quem
424 2365 451 2424 B
466 2362 606 2424 diximus
629 2363 843 2442 suprascripta
867 2362 964 2424 iuisse
986 2375 1117 2444 apparet
1135 2366 1291 2430 deteriora
1316 2392 1388 2433 esse

203 2472 302 2532 alteru
336 2469 491 2547 scriptura
525 2467 733 2529 demonstrari
762 2467 885 2545 potest?
928 2466 1004 2527 Num
1027 2464 1093 2528 nn.
1119 2471 1150 2547 8,
1176 2473 1193 2530 3
1232 2473 1259 2533 si
1283 2475 1388 2557 Nepos

205 2577 247 2637 ita
271 2573 466 2654 scripsisset:
493 2567 662 2634 Alcibiades
685 2569 727 2630 cd
748 2572 915 2630 eaeercitnm
939 2573 1019 2632 veniit
1042 2569 1266 2637 Atheniensium
1289 2578 1388 2662 ibique

200 2684 362 2762 praesente
384 2676 472 2758 culpo
495 2694 585 2759 apere
606 2675 719 2754 coepit:
748 2676 777 2735 si
798 2674 915 2753 velient,
942 2693 974 2735 se
995 2685 1169 2739 coacturum
1194 2683 1386 2761 Lysandrum

203 2783 351 2844 dimicare
373 2787 426 2841 orit
445 2799 552 2861 pocem
571 2785 693 2859 petere;
717 2778 841 2858 spondet
864 2778 1111 2842 Lacedaemonios
1135 2801 1167 2843 eo
1188 2786 1266 2845 nolle
1289 2788 1388 2851 classe

203 2885 361 2967 conflipme
375 2884 453 2965 mmet
467 2881 656 2964 pedestribus
679 2884 771 2962 copiis
790 2881 862 2962 ptus
885 2901 975 2962 quum
997 2884 1127 2947 nucibus
1149 2889 1304 2965 ocier·ent;
1328 2893 1390 2954 sibi

204 2998 305 3051 nutem
327 3006 392 3049 esse
410 2987 502 3068 focile
526 2985 675 3060 Sentbcm,
702 3004 799 3068 rupem
826 2985 980 3065 Tbrccnm,
1006 2985 1207 3052 deducerent
1229 3011 1277 3053 cos
1300 3002 1386 3058 terro

204 3094 381 3176 depellerct;
412 3111 469 3173 quo
488 3092 569 3173 facto
592 3091 762 3151 necessario
790 3097 843 3151 nm
865 3091 962 3152 ciosse
983 3093 1172 3174 conflicturos
1200 3104 1253 3157 orit
1275 3097 1387 3162 beilum

204 3198 418 3279 composituros
445 3194 497 3277 (ita
521 3196 605 3256 enim
629 3195 705 3255 hacc
727 3193 951 3275 distinguenda
974 3207 1059 3277 sunt,
1085 3217 1162 3276 uon,
1188 3209 1223 3262 ut
1239 3202 1386 3284 Wigger-

205 3305 282 3382 sius,
308 3302 364 3381 qui
387 3300 511 3383 spondet
534 3300 666 3378 invenit,
692 3309 723 3360 et
739 3299 870 3360 Rothius
888 3299 1041 3380 iecerunt,
1067 3303 1191 3382 spondet
1212 3308 1386 3385 superiori-

205 3406 265 3469 bus
294 3404 401 3467 verbis
430 3403 684 3484 adiungendum,
724 3423 786 3483 quo
818 3402 897 3464 icrcto
926 3413 957 3465 et
987 3415 1056 3485 post
1085 3426 1121 3467 ea
1148 3407 1262 3487 verba,
1302 3430 1385 3491 quac

204 3511 346 3591 legentes
369 3527 477 3569 omnes
501 3507 564 3568 ittis
585 3526 675 3589 opere
697 3509 791 3589 coepit
807 3509 1008 3588 coniungent,
1035 3520 1159 3591 praeter
1175 3517 1386 3594 exspectatio·

204 3634 275 3675 nem
292 3613 415 3694 spondet
430 3610 579 3673 adiicitur
594 3620 625 3672 et
641 3630 722 3691 quae
739 3613 901 3693 excipiunt
917 3614 1010 3694 piane
1025 3613 1159 3696 abrupte
1175 3615 1382 3702 inferuntur),

205 3719 247 3778 ita
271 3719 368 3798 igitur
391 3726 425 3777 ut
448 3714 514 3776 dixi
537 3717 564 3776 si
587 3717 689 3797 Nepos
717 3718 911 3797 scripsisset,
948 3720 1066 3780 nemini
1097 3721 1129 3780 in
1161 3720 1217 3781 bae
1245 3725 1384 3787 oratione

205 3823 374 3902 quiequam
399 3819 585 3883 mutandum
608 3819 709 3882 videri
733 3831 865 3902 poterat.
912 3820 1029 3903 Atqui
1053 3825 1130 3885 hacc
1152 3825 1325 3887 inveniret:
1352 3838 1386 3890 nt

205 3942 273 3985 eum
294 3933 380 3986 terra
401 3925 581 4006 depellerem
611 3943 668 4006 prio
687 3925 768 4006 focio
791 3929 960 3988 necessario
983 3935 1037 3988 oret
1058 3929 1155 3991 classe
1177 3930 1383 4010 conflicturum

205 4035 259 4089 unt
280 4028 388 4089 beilum
411 4030 659 4110 compositurnm,
686 4031 715 4090 ci
740 4028 829 4091 iacile
852 4040 984 4111 apparet
1007 4051 1088 4111 quac
1111 4052 1205 4094 causa
1233 4053 1302 4095 essc
1327 4057 1384 4116 po-

205 4133 301 4193 tuerit
323 4151 379 4192 eur
402 4133 451 4194 his
475 4133 527 4194 illa
543 4151 624 4213 quae
647 4134 741 4215 paulo
763 4143 835 4195 ante
859 4134 1022 4215 posuimus
1044 4135 1238 4201 substituere
1263 4139 1380 4202 maliet.

273 4370 298 4436 ⁴⁵)
320 4372 354 4436 [et
371 4375 398 4422 tn
418 4375 555 4437 Porcensr']

256 4457 297 4523 es)
320 4459 362 4522 [cs.
385 4461 472 4522 Spicii.
494 4475 520 4508 u.
540 4466 567 4519 3,
589 4461 625 4524 4.]
