3068 5114
591 363 780 421 Srrcusomu
804 378 952 421 curriculi.
1312 343 1356 414 13

179 572 214 611 se
239 550 363 630 publico
387 549 503 612 iudicio
526 551 735 611 committunt.
769 550 876 627 ltaque
900 567 1005 627 neque
1030 549 1131 627 ipsum
1155 566 1259 626 neque
1282 547 1358 607 alios

181 673 274 733 aegro
305 654 421 714 laturos
451 672 542 732 spero
571 652 657 732 quod
685 652 854 714 editionem
877 670 971 730 quam
1002 670 1035 711 se
1065 652 1254 711 omissurum
1283 670 1357 730 pro-

181 759 266 816 misit
294 755 540 836 exspectandam
569 757 727 816 constitui.
782 752 872 825 Quod
901 755 927 813 si
954 773 989 814 se
1018 754 1086 833 ipse
1116 750 1357 832 reprehenderit

181 870 213 919 et
236 863 268 920 in
291 862 374 919 viam
398 858 579 936 reduxerit,
612 879 661 920 me
685 858 812 918 molesta
837 855 1037 937 vituperandi
1067 857 1253 917 necessitate
1277 854 1357 915 libe-

182 965 242 1022 rari
266 961 426 1042 gaudebo;
454 963 480 1022 si
504 963 536 1022 in
560 964 598 1022 iis
621 980 702 1040 quae
726 962 805 1021 male
830 960 904 1020 mibi
928 959 1056 1021 videtur
1083 961 1183 1038 egisse
1207 976 1357 1038 perseve-

180 1067 298 1126 raverit
320 1065 434 1144 hisque
457 1064 518 1123 alia
540 1065 616 1124 vitia
645 1063 826 1124 adiunxerit
849 1082 888 1123 ox
905 1081 1053 1143 perverso
1076 1060 1192 1122 iudicio
1209 1061 1248 1121 de
1270 1059 1358 1121 codi-

180 1189 252 1228 cum
275 1170 458 1228 auctoritate
480 1176 548 1228 orta
566 1167 648 1248 (nam
671 1166 805 1246 nequid
827 1165 963 1244 deesset,
989 1165 1192 1227 fundamenta
1215 1184 1232 1223 a
1248 1163 1357 1225 Rothio

183 1274 282 1349 posita
305 1272 464 1331 levissime
487 1270 611 1331 disiecit
633 1280 664 1330 et
687 1269 902 1352 disturbavit),
929 1269 1039 1331 eadem
1063 1269 1208 1330 libertate
1231 1287 1293 1347 qua
1316 1267 1356 1328 de

182 1376 329 1435 universa
360 1377 430 1434 eius
459 1375 578 1434 ratione
610 1372 676 1433 dixi
706 1375 828 1452 singula
857 1392 1033 1454 persequar
1062 1392 1167 1452 noque
1198 1371 1357 1451 defugiam

181 1476 318 1536 cilicium
342 1478 470 1536 minime
495 1474 572 1536 illud
589 1474 719 1554 quidem
742 1475 916 1537 iucundum
938 1474 996 1537 sed
1017 1477 1193 1537 necessario
1216 1474 1358 1536 subeun-
1394 1529 1396 1533 Α

182 1580 268 1641 dum.
310 1582 353 1640 lta
377 1581 460 1640 enim
484 1579 617 1640 aliorum
639 1583 821 1660 superstitio
850 1582 981 1641 aliorum
1004 1581 1116 1640 levitas
1139 1581 1170 1639 in
1194 1581 1250 1640 has
1273 1579 1358 1640 litte-

183 1705 232 1745 ras
256 1686 438 1745 invaserunt
461 1693 496 1744 ut
519 1685 580 1744 nisi
603 1685 823 1763 unusquisque
846 1683 886 1744 ab
910 1703 945 1744 ea
960 1693 1050 1764 parte
1075 1686 1106 1743 in
1131 1702 1250 1763 quase
1273 1691 1357 1743 recte

183 1798 340 1848 versatum
363 1807 432 1847 esse
454 1787 581 1848 confidit
604 1789 718 1848 acriter
739 1808 791 1848 eas
812 1787 966 1867 propellat
989 1806 1050 1848 non
1067 1787 1236 1848 videantur
1257 1786 1356 1848 deleri

182 1912 282 1972 posse.

267 1994 329 2056 Sed
352 2014 419 2073 neS,
445 2004 480 2055 ut
498 1993 538 2055 dc
561 2015 655 2074 opera
678 1993 809 2054 anobis
833 1996 864 2055 in
888 1993 1082 2056 recensendo
1106 2003 1136 2054 et
1159 1992 1356 2055 emendando

183 2098 324 2159 Cornelio
348 2100 465 2177 Nepote
494 2099 596 2177 posita
626 2107 711 2157 recte
741 2107 772 2157 et
802 2098 895 2178 plene
925 2098 1067 2158 homines
1097 2095 1179 2158 docti
1218 2097 1356 2159 iudicare

183 2203 313 2282 possint,
339 2202 400 2259 iam
416 2200 473 2259 hoo
496 2199 601 2260 libello
624 2201 775 2279 expositis
792 2219 872 2279 quac
896 2220 934 2261 ex
958 2199 1063 2261 codice
1086 2200 1254 2280 archetypo
1276 2201 1358 2260 asci-

182 2303 297 2364 scenda
321 2303 452 2362 Rotbius
475 2303 645 2381 reliquerat
669 2303 805 2382 primum
828 2301 868 2363 de
894 2305 1041 2364 universa
1065 2305 1184 2364 ratione
1208 2322 1302 2382 quam
1325 2304 1356 2363 in

183 2405 380 2467 eruendando
403 2426 439 2466 eo
461 2405 567 2466 codice
591 2407 689 2466 secuti
713 2426 839 2486 sumuS,
870 2417 937 2467 tum
960 2406 1000 2467 de
1023 2407 1156 2485 singulis
1180 2407 1254 2466 locis
1276 2424 1357 2485 quae

182 2531 260 2591 opus
283 2520 375 2570 erunt
398 2509 644 2589 disputabimus.

269 2615 322 2673 Est
345 2617 428 2673 eninr
451 2614 502 2673 hic
532 2615 665 2692 scriptor
693 2633 732 2674 ex
762 2633 797 2674 eo
827 2632 957 2674 numero
987 2616 1019 2674 in
1049 2613 1166 2693 quibus
1196 2613 1358 2675 dillioilius

182 2717 260 2798 quid
289 2715 521 2778 emendandum
545 2736 640 2796 quam
668 2716 822 2796 quomodo
852 2715 1085 2778 emendandum
1114 2720 1155 2778 sit
1183 2717 1355 2779 discernas

183 2825 257 2883 Nam
281 2820 358 2901 quid
382 2840 398 2879 a
422 2821 572 2900 scriptore
596 2818 770 2900 proiectum
794 2840 855 2882 non
879 2820 1025 2882 videatur
1054 2841 1125 2881 cum
1154 2841 1214 2882 una
1238 2825 1357 2883 ratione

184 2926 372 3004 investigare
402 2925 573 3003 possimuS,
605 2933 640 2984 ut
670 2922 748 3003 quid
778 2933 832 2984 aut
860 2925 893 2983 in
923 2923 1020 2984 rebus
1042 2922 1154 2985 falsum
1182 2926 1223 2986 sit
1248 2935 1302 2985 aut
1326 2926 1357 2985 ln
1443 2991 1445 2994 Α

182 3029 348 3089 sententiis
369 3036 551 3106 corruptum
580 3028 691 3087 autin
716 3028 890 3088 elocutione
913 3029 964 3088 vel
993 3027 1033 3088 ab
1056 3030 1139 3088 omni
1170 3030 1357 3108 antiquitate

183 3133 233 3193 vel
256 3153 273 3191 a
296 3140 380 3191 certa
403 3139 504 3190 aetate
527 3129 700 3190 abhorrens
723 3149 928 3209 quaeramuS,
961 3150 1031 3191 oum
1057 3141 1087 3191 et
1110 3151 1149 3192 ex
1172 3132 1234 3192 illis
1261 3149 1358 3211 gene-

183 3235 271 3296 ribus
294 3233 450 3314 permulta
472 3243 504 3294 et
526 3253 565 3295 ex
589 3234 645 3294 boc
668 3235 840 3313 peculiaria
862 3233 1017 3314 quaedam
1046 3237 1088 3295 ita
1118 3234 1260 3296 codicum
1282 3254 1357 3296 auc-

183 3340 305 3398 toritate
330 3335 443 3397 tradita
466 3334 630 3397 videamus
659 3345 695 3397 ut
724 3341 802 3416 quin
832 3338 893 3417 ipsi
916 3339 1059 3418 scriptori
1089 3337 1272 3418 imputanda
1294 3339 1358 3399 sint

182 3441 328 3501 dubitare
351 3460 413 3500 non
438 3440 547 3519 liceat,
577 3441 744 3520 permultis
766 3440 842 3500 locis
872 3460 940 3500 eam
962 3460 1103 3501 normam
1126 3440 1166 3501 ad
1189 3461 1283 3520 quam
1305 3460 1358 3501 co-

182 3545 287 3605 dicum
312 3543 406 3604 iidem
429 3545 591 3623 exigamus
622 3545 701 3625 eripi
725 3544 816 3604 nobis
838 3554 979 3624 apparot.
1027 3543 1088 3605 Sed
1112 3554 1216 3605 tamen
1247 3546 1277 3605 in
1300 3545 1358 3605 hac

182 3672 215 3711 re
239 3649 375 3728 diligens
397 3648 572 3708 observatio
596 3657 627 3708 et
656 3649 829 3708 constantia
859 3648 968 3708 iudicii
992 3668 1054 3709 non
1079 3647 1278 3709 mediocriter
1299 3647 1357 3710 ad-

183 3753 346 3817 iuvabunt.
394 3754 469 3812 Nam
506 3751 698 3831 ubicumque
734 3753 766 3812 in
797 3753 872 3813 vitia
900 3772 1005 3813 rerum
1040 3762 1094 3813 aut
1129 3753 1357 3813 sententiarum

183 3856 387 3918 inciderimus
421 3865 476 3916 aut
505 3857 663 3934 singulare
694 3854 815 3934 aliquid
847 3857 878 3915 in
907 3855 1081 3916 elocutione
1118 3855 1354 3936 offenderimus,

184 3963 319 4041 primum
342 3978 532 4038 quaeremus
561 3977 637 4019 num
660 3957 738 4037 quid
762 3957 916 4019 eiusmodi
939 3959 1064 4018 omnino
1093 3958 1133 4018 ab
1155 3959 1282 4020 homine
1304 3960 1358 4021 lit-

182 4073 279 4126 terato
304 4064 457 4143 proticisci
480 4065 633 4143 potuerit,
662 4062 779 4123 deinde
808 4082 884 4123 num
906 4063 977 4122 aliis
999 4063 1074 4122 locis
1101 4063 1214 4123 similia
1243 4062 1357 4124 tradita

181 4171 244 4227 sint
267 4186 348 4246 quae
372 4169 554 4247 scriptorem
579 4166 611 4227 id
634 4186 761 4246 quoque
787 4165 827 4226 de
850 4184 913 4245 quo
936 4164 1118 4226 dubitamus
1147 4168 1189 4226 ita
1219 4165 1356 4226 scribere

181 4273 321 4351 potuisse
342 4270 435 4331 iidem
452 4270 575 4332 iaciant.
612 4270 651 4332 At
674 4280 721 4333 est
745 4267 822 4330 illud
847 4268 1002 4330 lubricum
1027 4272 1057 4330 in
1075 4271 1186 4350 primis
1209 4279 1240 4329 ct
1264 4268 1356 4328 lallax

181 4377 341 4453 negotium
364 4372 520 4435 allirmarc
544 4374 621 4454 quid
651 4395 689 4436 ex
712 4375 769 4435 hoc
799 4391 914 4452 genere
937 4371 977 4433 de
1001 4392 1063 4452 quo
1092 4376 1214 4452 agimus
1243 4373 1275 4431 in
1299 4371 1356 4430 ho-

181 4481 296 4538 minem
319 4480 491 4540 litteratum
514 4478 626 4539 cadere
649 4481 757 4559 possit.
805 4477 873 4548 Qua
902 4479 934 4536 in
964 4495 998 4537 re
1020 4487 1093 4536 ante
1122 4479 1225 4536 omnia
1248 4493 1356 4535 eorum
