3068 5114
577 323 766 384 Srrcuuoruu
788 340 937 383 celricus.
1299 310 1347 382 23

170 513 291 592 generis
323 531 396 573 eum
424 512 472 572 uti
502 513 654 591 potuisse.
713 513 765 572 Et
784 511 931 572 similiter
964 515 1134 592 scriptores
1163 516 1263 575 Lat-ini
1300 517 1346 576 rei

170 616 303 676 rusticae
327 606 475 696 σκυτάλην
498 634 539 675 ex
561 613 728 676 arboribus
751 613 879 676 serendi
904 634 997 677 causa
1020 615 1156 678 decisam
1180 618 1301 678 clavom
1317 628 1349 680 et

168 717 313 779 dmroicm
335 717 515 798 appellant;
540 727 571 779 et
589 715 779 798 Apollinaris
800 718 950 780 Sidonius
973 718 1120 781 baculum
1145 721 1347 801 pbilosopho-

168 841 235 884 rum
257 821 378 881 clavom
400 819 493 882 dixit.
541 821 692 901 Exempla
716 821 883 902 praebebit
905 823 1081 884 Forcellinii
1105 825 1227 885 lexicon
1251 844 1275 886 s.
1296 844 1344 885 vr.

168 925 253 986 douc
275 935 308 985 et
331 925 421 986 talen.

251 1029 342 1089 Paus
369 1030 399 1107 l,
425 1029 443 1087 5
468 1030 500 1089 in
524 1029 688 1090 Danielino
717 1039 749 1090 et
771 1027 1049 1109 Guelpherbytauo
1072 1029 1149 1090 haec
1176 1030 1343 1109 leguntur:

168 1134 258 1207 Quem
280 1151 349 1193 mem
371 1133 535 1212 supplicem
557 1133 607 1194 dei
627 1133 741 1194 videret
764 1134 796 1193 in
819 1151 878 1192 oro
904 1131 1069 1210 sedentem,
1096 1135 1214 1212 qtioerit
1236 1153 1347 1195 caesae

167 1233 236 1314 quid
264 1236 305 1296 sit
327 1242 389 1296 tom
411 1237 561 1315 repentini
582 1236 701 1297 consilii
728 1245 760 1296 ct
789 1236 939 1296 extremis
963 1233 1071 1295 verbis
1095 1236 1144 1296 vel
1173 1238 1346 1317 ascriptum

168 1338 215 1399 vel
238 1339 489 1419 suprascriptum
514 1341 666 1419 repentino
689 1340 824 1402 consilio.
872 1340 934 1400 Hoc
964 1339 997 1400 in
1020 1340 1234 1419 sangallensi,
1268 1340 1347 1401 illud

168 1442 198 1502 iu
220 1441 385 1521 plerisque
408 1439 620 1503 deterioribus
644 1453 686 1520 et,
712 1452 746 1503 ut
769 1441 908 1519 videtur,
935 1442 967 1502 in
991 1440 1109 1503 familia
1133 1461 1172 1502 ex
1193 1442 1301 1503 codice
1322 1446 1350 1504 E

167 1533 238 1606 orta¹
267 1545 393 1626 (legitur
415 1555 501 1606 certe
533 1547 564 1606 in
589 1547 736 1606 Vossiano
759 1548 860 1625 primo
890 1555 921 1605 et
948 1546 1040 1606 tertio
1069 1554 1101 1606 et
1124 1545 1262 1608 editione
1286 1548 1344 1607 Sa·
1361 1570 1384 1611 n

169 1648 301 1729 saronis)
334 1649 508 1729 praelatum
539 1659 603 1727 est,
642 1651 780 1728 itemque
811 1648 950 1710 editores
979 1650 1174 1729 antiquiores
1197 1653 1349 1731 repentini

167 1753 292 1830 consilii,
318 1753 509 1813 recentiores
533 1754 686 1832 repentino
709 1752 831 1813 cornilio
847 1750 1071 1831 probaverunt.
1102 1752 1219 1814 Perse
1243 1755 1346 1833 ipsum

168 1867 335 1936 utrumque
359 1874 471 1917 verum
495 1874 563 1916 csse
585 1864 698 1935 potest.
747 1853 837 1927 Quod
859 1856 886 1916 si
909 1856 1106 1916 nesciremus
1136 1866 1244 1918 utrum
1268 1856 1347 1919 illud

169 1960 318 2041 repentino
334 1959 457 2020 consilio
472 1979 512 2020 ex
528 1957 634 2020 codice
651 1960 785 2039 petitum
801 1979 840 2020 an
857 1960 1037 2021 coniectura
1060 1960 1226 2022 inventum
1249 1969 1345 2038 esset,

168 2072 219 2124 aut
240 2064 363 2124 etiamsi
388 2082 429 2123 cx
452 2061 557 2124 codice
580 2064 715 2142 petitum
738 2082 807 2124 esse
831 2043 998 2140 constaret,
1025 2071 1146 2142 tamen,
1172 2083 1243 2124 cum
1267 2082 1347 2143 qua-

168 2168 205 2227 lis
227 2167 280 2227 ille
303 2166 401 2228 codex
425 2165 537 2227 fuisset
560 2185 622 2226 non
646 2176 836 2244 teneremus,
863 2167 941 2226 ratio
960 2166 1133 2246 postularet
1157 2176 1191 2228 ut
1215 2167 1246 2229 id
1262 2168 1347 2248 quod

168 2272 199 2330 in
214 2272 427 2352 perpetuitate
443 2268 612 2332 verborum
629 2272 764 2350 positum
781 2280 828 2330 est
843 2288 1051 2349 sequeremur
1073 2289 1177 2350 neque
1200 2272 1229 2331 ei
1245 2274 1347 2352 scrip-

168 2384 268 2436 turam
291 2372 408 2435 dubiae
438 2374 632 2434 auctoritatis
654 2372 897 2453 praeferremus
944 2369 985 2433 At
1014 2373 1090 2434 mihi
1115 2373 1246 2453 quidem
1277 2393 1347 2435 ccr-

169 2487 233 2539 tum
267 2488 316 2538 est
348 2497 452 2558 neque
487 2479 519 2538 in
553 2476 659 2538 codice
693 2476 863 2558 archetypo
891 2477 1063 2557 quicquam
1096 2479 1348 2558 suprascriptum

169 2579 265 2643 luisse
289 2581 374 2662 quod
402 2602 442 2642 ex
465 2580 572 2642 codice
596 2582 728 2661 petitum
756 2581 798 2641 sit
826 2581 888 2641 uisi
917 2600 957 2642 ex
979 2600 1015 2642 eo
1040 2580 1127 2642 unde
1157 2581 1347 2662 archetypus

169 2696 214 2747 est
237 2685 415 2766 descriptus
437 2703 541 2764 neque
566 2686 598 2744 iu
621 2684 760 2764 reliquos
782 2682 905 2745 codices
928 2685 1098 2764 quicquam
1124 2705 1164 2746 ex
1187 2684 1348 2747 codicibus

170 2791 228 2851 uisi
245 2791 300 2870 qui
325 2809 360 2850 ea
384 2790 503 2850 ratione
523 2787 563 2850 de
579 2807 642 2868 qua
658 2808 689 2867 p.
709 2786 884 2849 2diximus
907 2808 945 2848 ex
968 2787 1136 2869 archetypo
1159 2791 1218 2850 orti
1242 2799 1348 2850 essent

171 2894 363 2972 pervenisse.
395 2893 478 2954 llaec
500 2911 550 2953 me
573 2901 658 2953 recte
682 2892 828 2953 statuisse
852 2891 1054 2971 intellegetur
1073 2911 1144 2954 cum
1168 2893 1349 2955 considera-

170 2998 308 3058 verimus
337 2995 602 3077 quemadmodum
633 3015 673 3056 ex
702 2996 741 3056 iis
764 3014 844 3075 quae
871 2996 1085 3075 suprascripta
1118 3005 1191 3057 sunt
1221 3016 1257 3057 ea
1286 2997 1349 3058 sint

171 3109 345 3181 comparata
368 3119 449 3181 quae
473 3101 511 3161 iis
533 3098 652 3180 quibus
674 3100 889 3180 suprascripta
915 3108 989 3160 sunt
1011 3099 1171 3178 praeferre
1194 3102 1346 3180 cogimur.

171 3205 262 3266 Facili
293 3206 376 3266 enim
407 3205 605 3266 coniecturae
635 3202 795 3264 debentur
823 3200 922 3283 prael.
950 3204 967 3263 l
992 3221 1096 3264 cenom
1124 3223 1180 3283 pro
1209 3222 1347 3280 scenam·

171 3306 220 3371 Ar.
250 3308 280 3388 l,
306 3309 324 3370 2
348 3326 529 3389 quamquam
551 3327 607 3388 pro
629 3325 784 3382 conicum
816 3305 931 3368 Chabr.
962 3307 989 3384 l,
1015 3307 1034 3368 2
1058 3308 1090 3367 in
1112 3326 1144 3367 eo
1172 3327 1229 3386 pro
1260 3309 1291 3368 in
1313 3326 1350 3369 eo

173 3411 219 3473 vel
244 3422 278 3473 ut
301 3429 380 3471 novo
402 3429 508 3471 errore
532 3411 564 3472 iu
589 3407 865 3490 Guelpherbytano
888 3408 1005 3488 legitur
1027 3410 1082 3489 qui
1112 3409 1197 3470 illam
1226 3426 1349 3470 correc-

173 3515 287 3574 tionem
310 3511 415 3591 habet,
441 3515 472 3574 in
495 3532 580 3589 ecm;
603 3514 634 3593 3,
658 3514 677 3575 2
697 3519 799 3593 posset
821 3531 877 3591 pro
896 3513 1010 3592 possit;
1034 3513 1125 3574 Eum.
1152 3514 1182 3591 l,
1202 3515 1218 3574 l
1240 3511 1350 3593 funere

174 3636 225 3695 pro
248 3634 383 3676 munere.
431 3615 602 3678 Oscitautia
624 3615 747 3677 librarii
771 3613 858 3676 aliud
881 3616 1041 3676 exarantis
1063 3624 1158 3695 atque
1187 3616 1219 3676 in
1243 3613 1349 3677 codice

172 3739 265 3800 quern
288 3716 489 3781 describebat
518 3718 700 3801 legebatur,
736 3718 793 3781 sed
821 3727 929 3799 postea
959 3717 1064 3780 codiee
1093 3719 1270 3780 accuratius
1301 3720 1350 3780 in-

172 3835 277 3906 specto
296 3842 439 3886 errorem
463 3824 647 3903 corrigentis
669 3823 747 3884 haec
769 3832 835 3883 orta
859 3832 948 3884 sunt:
976 3823 1066 3884 Paus.
1092 3822 1122 3900 5,
1144 3823 1155 3881 t
1184 3824 1353 3912 ammoneri

173 3930 212 3991 at.
238 3928 397 3990 admoneri
404 3948 414 4001 ‚·
442 3927 531 3988 Dion.
552 3927 615 4007 2,t
644 3929 740 4009 magis
767 3925 939 4008 (aberraret
967 3925 1116 3988 librarius
1138 3925 1178 3986 ad
1200 3925 1297 3988 verba
1321 3946 1347 3988 c.

177 4033 202 4111 l,
228 4033 246 4091 5
271 4032 367 4112 magis
390 4030 548 4111 admirati)
582 4032 795 4112 suprascripto
818 4032 966 4107 macine
1002 4030 1052 4108 to,
1079 4032 1097 4092 2
1123 4029 1209 4110 facta
1238 4049 1352 4110 supra-

174 4138 287 4216 scripto
310 4142 426 4196 mutata
456 4136 488 4196 iu
518 4153 581 4195 uno
604 4133 882 4217 Guelpherbytano
916 4132 958 4214 (in
982 4134 1115 4215 reliquis
1138 4144 1186 4196 est
1208 4134 1350 4217 mnmto);

175 4240 239 4300 liat.
259 4240 290 4317 i,
310 4238 329 4297 5
346 4238 428 4319 capit
442 4239 654 4319 suprascripto
670 4240 761 4300 sumit
781 4236 882 4319 (sumit
897 4235 994 4297 habet
1008 4235 1258 4320 Danielinus*));
1286 4236 1349 4299 Pel.

240 4462 264 4526 *l
287 4462 362 4528 [dem
384 4462 544 4527 Pareamus]
