3068 5114
165 323 214 396 94
514 337 519 345 ’
585 337 617 396 ln
641 335 792 397 Censura
815 336 933 397 Nreors

164 535 231 600 est,
258 523 298 585 de
322 544 383 604 qua
415 544 448 584 re
479 523 545 585 dixi
571 523 610 584 ari
634 526 724 584 Paus.
743 526 772 595 3,
793 524 811 582 ὅ
837 523 985 584 editionis
1009 544 1040 602 p.
1059 525 1111 598 38,
1136 531 1254 595 tamen,
1280 542 1352 584 cum

165 628 248 688 inter
271 626 350 688 duas
372 629 546 707 scripturas
569 629 638 707 pari
668 629 852 688 auctoritate
881 626 1114 687 commendatas
1136 627 1221 706 aptio
1244 624 1349 703 datur,

165 730 244 789 ratio
275 730 410 809 postulat
445 741 477 791 ιιι
508 750 575 792 earn
609 730 762 810 eligamus
786 748 848 809 qua
884 738 1010 809 recepta
1044 731 1162 789 rectius
1191 739 1352 789 auctorem

164 833 328 913 scripsisse
359 832 562 894 iudicandum
593 843 652 894 est.
701 832 790 905 Quod
820 835 844 894 si
869 834 1018 913 Nepotem
1047 835 1142 893 Tanto
1172 834 1250 893 enim
1276 853 1354 913 pro-

164 939 296 1017 speritas
321 937 482 997 Caesarem
506 944 549 997 est
575 944 733 997 consecuto
762 937 928 1015 scripsisse
957 945 1122 1015 putamus,
1153 955 1259 1016 neque
1290 935 1352 996 uita

165 1058 204 1099 ex
234 1048 323 1119 parte
358 1039 435 1099 haec
472 1038 665 1120 reprehendi
696 1050 828 1119 possunt
860 1057 964 1117 neque
988 1037 1183 1118 quornodoa
1211 1037 1354 1099 librariis

166 1142 333 1203 Caesarum
363 1160 429 1203 eum
460 1145 534 1223 pani
565 1145 701 1224 potuerit
732 1142 895 1203 riitticiiius
925 1143 1112 1221 explicatur.
1159 1138 1223 1203 Aut
1252 1144 1351 1219 euim,

165 1265 236 1306 cum
259 1265 365 1307 errare
389 1248 542 1326 scriptum
566 1256 650 1308 esset
668 1247 850 1323 Caesarum,
875 1245 916 1306 ab
936 1246 1041 1324 atiquo
1058 1247 1112 1324 qui
1137 1248 1354 1307 accusativum

165 1346 368 1409 desiderabat
392 1367 459 1409 eum
483 1350 706 1430 iuterpaiatum
732 1360 795 1427 est,
828 1359 882 1409 aut
911 1368 982 1409 cum
1010 1349 1126 1428 aliquis
1149 1351 1353 1429 prosperitati

167 1452 342 1532 genitivum
374 1451 613 1530 adiungendum
649 1463 791 1532 putasset
822 1462 851 1512 ct
881 1462 917 1513 ut
946 1454 1113 1513 Caesarum
1145 1451 1353 1514 scribendum

165 1573 234 1616 esse
258 1555 451 1633 signiticaret
481 1556 617 1616 litteram
641 1575 779 1635 usupra
804 1565 975 1615 extremam
1006 1553 1156 1634 syiiabam
1180 1558 1351 1635 posuisset,

167 1658 305 1737 primum
330 1659 444 1718 Caesar
467 1677 551 1736 erent,
584 1657 719 1733 (triade,
751 1667 784 1719 ut
817 1659 921 1736 aiiqua
952 1667 1034 1717 esset
1065 1658 1216 1717 arationis
1241 1657 1351 1719 torma.

169 1762 335 1821 Caesarum
359 1780 425 1821 erint
449 1764 585 1841 positum
610 1771 669 1821 est.
718 1761 826 1840 ltaque
850 1770 884 1820 ut
907 1761 959 1820 aiii
984 1760 1162 1840 compiures
1192 1760 1268 1818 item
1296 1779 1354 1840 ego

168 1864 249 1924 hanc
274 1866 425 1925 rationem
449 1866 597 1944 praetuli,
623 1883 685 1944 qua
711 1867 770 1925 iam
797 1867 822 1924 is
844 1883 922 1925 usus
945 1865 1066 1943 estqui
1090 1863 1228 1924 codicem
1245 1864 1278 1924 Δ
1300 1874 1353 1924 aut

168 1968 294 2046 scripsit
317 1978 370 2028 aut
394 1967 585 2029 eurenriavit.

253 2070 316 2131 aa.
343 2073 427 2149 90st
456 2073 601 2132 nonnulii
626 2072 702 2132 iraeo
725 2070 900 2151 probarunt
923 2089 1006 2150 (puae
1028 2071 1146 2149 scripta
1170 2069 1299 2131 inerunt
1323 2072 1355 2131 in

168 2172 275 2234 codice
298 2175 487 2255 archetypo:
516 2176 663 2250 Oueroueis
677 2181 747 2235 unte
761 2173 834 2234 iaec
856 2174 1014 2254 sponsalia
1036 2191 1094 2232 non
1118 2173 1214 2232 satam
1229 2192 1298 2233 rum
1317 2171 1356 2233 ab

167 2276 243 2337 urbe
265 2277 396 2355 obesset,
428 2296 593 2358 retorquam
616 2278 658 2338 art
679 2296 804 2339 suom-m
828 2294 1006 2357 qrremquam
1029 2277 1148 2337 titterus
1177 2277 1259 2337 arisit
1280 2279 1354 2356 qrrr'n

168 2377 264 2442 Attico
285 2384 415 2442 mitteret
430 2383 502 2462 quid
524 2390 637 2464 operer,
664 2384 692 2442 in
714 2383 825 2462 pri'rnis
848 2381 920 2462 quid
944 2381 1052 2462 teperet
1066 2380 1232 2461 artibusque
1253 2381 1286 2440 io
1310 2381 1356 2441 to-

168 2485 212 2544 cis
233 2492 262 2544 et
283 2485 426 2565 praemetiu
450 2492 525 2545 esset
548 2493 743 2562 proruamus,
777 2484 829 2545 sert
858 2485 947 2544 etium
975 2502 1043 2544 crem
1071 2491 1147 2543 esset
1177 2484 1208 2542 ia
1229 2480 1307 2542 urbe
1329 2490 1356 2543 et

166 2596 292 2668 propter
315 2591 450 2668 infinitas
473 2608 547 2649 suas
569 2590 777 2669 riccrtpiatr‘ones
799 2589 902 2648 otiatus
925 2605 1015 2667 saepe
1036 2605 1125 2666 priam
1150 2586 1237 2646 veltet
1259 2584 1355 2648 Attico

165 2691 335 2771 tine-retur,
361 2693 466 2752 auitas
488 2693 553 2753 dies
575 2700 684 2752 temere
706 2692 909 2752 intercesserit
933 2709 989 2771 quo
1013 2710 1071 2750 non
1088 2691 1128 2749 rrrt
1150 2708 1218 2750 enm
1240 2690 1357 2750 seribe-

168 2802 216 2855 ret
237 2805 311 2856 cett.
361 2797 416 2856 iiio
440 2796 656 2874 tieusingerus
684 2797 852 2856 intercessit
874 2793 1044 2875 probabat,
1077 2796 1150 2873 quia
1180 2794 1356 2873 particulae

169 2901 307 2978 qrraorris
338 2901 455 2959 rectius
483 2901 703 2961 coniunctirus
731 2899 975 2978 adiungeret-ur,
1017 2917 1079 2977 quo
1108 2896 1202 2957 ticlurt
1228 2908 1266 2963 ,ut
1297 2897 1356 2958 boc

170 3011 297 3080 recepto
314 2984 352 3060 nc
370 3021 463 3080 supra
477 3001 607 3080 quidem
625 3004 705 3063 misit
720 3001 775 3062 sed
792 3003 908 3062 miserit
923 3000 1126 3062 scribendum
1143 3002 1353 3062 existimaret.

169 3105 285 3164 Verum
309 3124 380 3164 curn
404 3108 543 3185 anrmeis
566 3126 623 3186 pro
645 3124 825 3187 qrrrrnrquurn
843 3107 978 3185 positum
1002 3106 1054 3183 sit,
1080 3105 1301 3165 coniunctirus
1326 3106 1356 3164 ei

169 3209 342 3286 particulae
365 3208 493 3285 ariirmgei
519 3211 640 3288 nequit.
688 3208 789 3269 titiam
810 3209 961 3269 rationem
987 3209 1126 3269 inierunt
1141 3207 1357 3268 Tascirucirius

170 3322 200 3370 et
225 3312 413 3391 flcnecirirrs,
439 3314 491 3392 qui
517 3315 714 3374 coniunctim
739 3314 941 3374 intercesserit
966 3310 1107 3371 modeste
1129 3310 1279 3370 aitrrmari
1303 3310 1357 3370 in·

170 3415 332 3494 terpretati
357 3425 447 3486 sunt3
480 3425 511 3475 et
534 3424 654 3494 poterat
677 3416 733 3475 trac
756 3418 876 3476 ratione
899 3424 930 3474 et
953 3415 1002 3474 iric
1025 3414 1244 3473 coniunctirus
1268 3421 1356 3473 recte

169 3519 361 3597 ascriptore
385 3520 458 3599 poni
482 3529 511 3580 et
543 3539 637 3599 supra
668 3518 874 3596 indicativus,
910 3517 1070 3598 siquidem
1100 3518 1263 3597 superiora
1292 3535 1356 3577 non

170 3621 311 3681 modeste
341 3621 543 3700 affirmanda,
576 3622 632 3683 seri
661 3642 717 3702 pro
747 3624 841 3682 certis
868 3620 1024 3683 narranda
1054 3630 1191 3702 putaret.
1239 3617 1303 3679 Sed
1328 3622 1356 3681 si

171 3725 272 3804 b'cpos
304 3727 481 3805 scripsisset
516 3727 620 3786 nutius
650 3727 713 3786 rties
744 3733 852 3787 temere
881 3727 1100 3801 intercesserit,
1136 3744 1197 3785 non
1233 3733 1357 3802 poterat

171 3826 328 3887 subiicere
358 3846 415 3906 quo
442 3849 500 3887 non
526 3829 653 3889 rutrum
685 3828 848 3907 scriberet,
885 3828 1021 3888 debebat.
1051 3848 1107 3908 quo
1136 3847 1195 3887 non
1225 3826 1266 3886 cd
1287 3845 1358 3888 eum

171 3932 339 4010 scripserit.
389 3933 497 4011 itaque
521 3942 606 3992 recte
630 3932 799 3994 Lambinus
828 3934 961 3994 correxit
994 3935 1177 4008 intercessit,
1209 3929 1296 4009 quod
1322 3933 1357 3991 in

169 4034 287 4094 Schotti
310 4032 415 4094 codice
439 4037 594 4114 scriptum
619 4035 688 4097 tuit.

609 4294 905 4304 ————-.--.-
