3076 5122
180 339 249 411 174
597 351 629 411 lu
653 348 804 412 Coauauo
827 350 945 412 Narona

175 541 215 603 ab
238 559 307 602 exc.
333 538 365 601 d.
383 537 463 619 Aug.
482 558 525 599 11.
552 540 591 598 31
616 538 831 600 claritudinem
845 535 1068 600 Arsacidarum
1092 547 1257 622 contraque
1280 543 1369 625 ipuo-

176 644 264 706 bilem
285 642 432 704 Hiberum
455 644 666 703 mercennario
688 641 780 703 milite
802 640 980 703 disserebat.
1029 640 1155 704 Constat
1185 643 1285 723 igitur
1308 646 1367 705 La-

147 749 259 809 otinos
282 747 387 807 minus
417 754 562 807 accurate
592 745 712 806 locutos
741 743 822 825 (nam
847 745 904 804 hoe
926 733 1149 807 coniiten'dum
1174 746 1230 829 est)
1267 748 1365 808 etiam

176 870 228 912 res
252 860 341 912 extra
364 850 504 929 aliquem
528 849 655 928 positas,
682 866 903 927 quaecumque
925 847 1036 909 babere
1058 849 1173 928 aliquis
1189 848 1363 928 diceretur,

175 973 256 1034 quae
280 954 309 1014 ei
332 951 513 1013 acciderent
537 960 567 1012 et
591 968 672 1030 quae
695 960 869 1030 pateretur,
897 949 1033 1012 ablativo
1056 953 1218 1031 qualitatis
1240 954 1368 1034 signiti-

174 1077 273 1120 casse.
315 1057 401 1128 Quae
425 1074 495 1116 cum
519 1056 562 1115 ita
585 1054 659 1131 siut,
686 1072 748 1114 non
771 1052 875 1132 video,
903 1073 960 1116 cur
983 1073 1035 1116 eos
1059 1053 1143 1117 idem
1167 1054 1282 1119 iecisse
1306 1075 1367 1119 ne-

175 1179 286 1241 gemus
309 1160 341 1219 in
365 1159 414 1236 iis,
442 1176 524 1237 quae
547 1155 587 1217 ad
611 1165 737 1236 tempus
759 1158 899 1218 animum
919 1169 1154 1237 permoverent,
1182 1179 1265 1239 quae
1288 1180 1367 1222 sen·

174 1265 273 1326 tentia
308 1261 367 1324 init
396 1260 544 1339 Madvigii
574 1260 649 1320 11.
686 1277 748 1319 uon
783 1268 867 1320 reete
902 1261 1017 1340 scripta
1052 1259 1239 1340 iudicantis,
1280 1281 1367 1344 quae

175 1368 326 1446 leguntur
354 1363 439 1444 apud
463 1364 526 1424 Cic.
552 1361 593 1424 ad
616 1362 690 1423 iam.
709 1379 751 1421 vr.
778 1364 808 1439 t,
835 1363 851 1421 1
877 1371 989 1442 qtionto
1008 1362 1122 1442 fecerim
1145 1364 1248 1426 dolore
1270 1376 1302 1428 et
1325 1366 1367 1428 ad

175 1468 239 1530 mr.
257 1488 290 1530 v.
311 1470 361 1545 11,
380 1470 399 1528 2
422 1486 532 1549 mapno
555 1468 661 1527 timore
682 1465 771 1542 sunni

262 1571 293 1649 5,
321 1571 332 1629 1
363 1571 395 1629 in
418 1570 598 1633 novissimis
621 1565 815 1629 editionibus
845 1569 890 1629 sic
919 1569 1048 1648 scripsi:
1082 1571 1164 1632 ilaec
1186 1571 1258 1631 darn
1282 1574 1369 1653 apud

176 1674 400 1754 Hellespontum
422 1681 590 1755 ponentur,
619 1671 777 1732 Perdiccas
807 1670 891 1750 ripratd
913 1672 1016 1732 Nilum
1043 1672 1156 1751 fluentem
1187 1676 1369 1754 interficitur

176 1797 196 1837 a
220 1777 341 1838 Seleuco
365 1784 391 1837 et
414 1772 559 1856 Antipera
587 1780 750 1854 rerumque
779 1792 897 1835 sumnia
923 1774 965 1835 ad
987 1772 1182 1855 Antipatrum
1212 1772 1364 1857 defertur.

176 1881 243 1956 Hic,
269 1880 323 1960 qui
342 1897 402 1938 nou
426 1877 637 1952 deseruerant,
663 1878 802 1938 enorum
825 1875 1013 1958 suffroniam
1032 1877 1148 1958 ferente
1177 1882 1287 1960 capitis
1311 1881 1369 1941 ab·

176 1990 274 2043 sentes
290 1980 489 2056 damnantur,
516 1981 548 2040 in
570 1979 617 2041 liis
634 1982 792 2041 Eumenes.
841 1980 917 2041 Nam
942 1998 1012 2041 curn
1036 1989 1128 2041 antea
1151 1983 1204 2061 qui
1224 1982 1371 2046 deserue-

176 2092 249 2146 rant
278 2085 451 2164 legeretur,
489 2102 584 2163 quam
619 2082 651 2145 id
680 2102 833 2162 perverse
867 2081 1029 2146 diceretur
1057 2083 1170 2164 (neque
1202 2088 1307 2159 enim,
1342 2091 1368 2149 si

177 2190 313 2249 maxime
344 2187 497 2248 exercitui
527 2195 593 2247 tum
624 2187 810 2266 suffragium
834 2184 968 2265 ferenti,
1000 2189 1056 2267 qui
1085 2189 1154 2268 ipse
1185 2206 1299 2268 magua
1329 2211 1369 2254 ex

178 2302 268 2372 parte
292 2291 472 2353 Perdiccam
495 2287 696 2367 deseruerat,
724 2287 904 2351 desertores
926 2288 1135 2367 videbantur,
1170 2294 1226 2371 qui
1250 2292 1292 2353 ab
1316 2295 1369 2357 illo

177 2413 240 2455 nou
257 2393 466 2470 desciverant,
494 2402 579 2454 certe
602 2410 708 2471 neque
731 2393 802 2453 aliis
823 2384 927 2472 ne'que
944 2393 1054 2472 Nepoti
1071 2392 1174 2454 videri
1191 2397 1365 2479 poterant),

177 2500 211 2558 111
235 2497 371 2560 editione
394 2497 513 2557 maiore
536 2512 720 2556 monueram
744 2505 776 2556 et
799 2504 917 2575 postea,
945 2514 1016 2557 cum
1038 2495 1176 2558 librariis
1191 2498 1367 2578 proclivem

177 2620 318 2663 errorem
342 2599 440 2662 inisse
464 2599 710 2675 intellexissem,
742 2598 792 2659 his
815 2600 1036 2678 potiusquam
1060 2600 1171 2679 Nepoti
1201 2601 1370 2682 ineptissi-

177 2722 259 2764 mam
290 2722 356 2764 rem
386 2701 589 2764 tribuendam
620 2710 707 2763 ratus
735 2703 768 2762 iu
796 2703 890 2762 111111
920 2702 1042 2763 minore
1071 2721 1132 2762 uon
1162 2702 1367 2768 adiciendum

177 2824 247 2868 esse
277 2806 456 2886 suspicatus
485 2823 584 2865 eram.
631 2805 698 2876 Qua
729 2824 799 2865 mea
827 2806 1009 2866 coniectura
1038 2823 1100 2866 non
1124 2820 1368 2871 commemorata

176 2908 367 2986 Dietschius,
393 2927 488 2988 quam
505 2908 665 2987 ignorasse
680 2906 809 2969 videtur
830 2906 1030 2988 (quamquam
1055 2907 1139 2970 idem
1155 2909 1194 2971 de
1211 2910 1261 2988 iis,
1285 2930 1368 2991 quae

176 3011 331 3092 spicilegii
348 3011 463 3090 prioris
480 3031 512 3091 p.
529 3011 566 3070 13
581 3002 687 3090 {surpra
695 3029 728 3090 p.
740 3010 787 3091 ld]
802 3011 903 3071 Hann.
920 3012 950 3088 6,
971 3011 982 3070 1
1005 3010 1176 3074 inserenda
1188 3030 1369 3093 proposue-

177 3132 255 3193 ram,
275 3115 367 3176 etiam
383 3116 474 3175 citato
491 3113 572 3189 libro
588 3133 656 3175 meo
672 3114 714 3174 ita
731 3113 822 3192 dixit,
842 3124 1001 3194 tamquam
1018 3115 1119 3194 ipsius
1134 3124 1219 3176 esset
1234 3119 1370 3197 supple-

176 3216 343 3297 mentum),
364 3218 417 3296 pui
437 3217 524 3278 illum
546 3235 606 3277 nou
621 3216 821 3277 deseruerant
842 3216 980 3296 scripsit.
1015 3215 1106 3289 Quod
1125 3219 1182 3278 etsi
1207 3225 1238 3279 et
1262 3218 1369 3298 ipsum

176 3339 296 3382 verum<
310 3339 380 3381 esse
395 3329 506 3400 potest,
532 3329 639 3380 tamen
655 3319 713 3379 hoc
729 3317 959 3380 incommodum
977 3318 1081 3396 habet,
1101 3318 1186 3399 quod
1202 3323 1370 3401 excipiunt

176 3422 274 3485 verba
290 3425 356 3485 Hac
378 3423 429 3484 ille
448 3423 611 3503 perculsus
631 3422 726 3504 plapa
748 3421 789 3482 de
806 3423 948 3483 Eumene
975 3426 1066 3502 (quae
1091 3440 1142 3482 res
1161 3423 1281 3503 Nepote
1303 3444 1369 3487 non

177 3536 225 3588 est
241 3525 388 3607 indigna;
416 3536 448 3586 at
466 3544 523 3587 cur
538 3527 720 3587 coniectura
743 3525 772 3586 ei
787 3523 988 3604 obtrudatur,
1008 3543 1101 3586 causa
1116 3525 1228 3607 nulla),
1248 3526 1369 3592 deinde

176 3631 300 3709 longius
322 3648 340 3691 a
362 3629 506 3690 codicum
529 3628 686 3708 scriptura
710 3627 832 3690 recedit
854 3638 886 3689 et
907 3628 988 3689 tollit
1015 3629 1255 3708 exquisitionem
1282 3630 1370 3694 dese-

176 3731 267 3793 rendi
288 3729 380 3793 verbi
402 3749 506 3792 usum.
556 3730 652 3793 Cuius
674 3728 761 3810 apud
784 3730 969 3807 Ciceronem
993 3730 1123 3811 quidem
1147 3732 1269 3793 incerta
1292 3745 1369 3796 sunt

177 3834 334 3913 exempla,
360 3843 392 3895 et
415 3834 500 3913 quod
523 3851 580 3912 ego
604 3835 636 3893 in
659 3833 777 3893 maiore
805 3832 945 3895 editione
969 3834 1059 3895 attuli
1083 3843 1115 3895 et
1137 3834 1222 3913 quod
1245 3835 1287 3895 lo.
1315 3838 1364 3896 Fr.

177 3936 354 3997 Gronovius
377 3934 417 3997 ad
440 3937 514 3997 Seu.
541 3934 582 3996 de
607 3936 652 3996 ira
676 3953 708 3996 u.
729 3937 778 4014 111,
801 3937 829 4013 1,
855 3937 1146 4011 11111.1.12,1111
1173 3936 1369 4000 ‘Prodiderat

176 4039 328 4102 classem!
376 4037 461 4113 Quod
488 4037 523 4098 ob
556 4040 752 4119 praemium?
796 4039 1016 4101 ‘Deseruerat'.
1066 4038 1146 4114 Qttid
1177 4040 1369 4103 Cleomenes?

144 4160 149 4170 ·
180 4144 328 4224 ‘lpnaous
348 4141 478 4221 facerat’.
526 4138 564 4203 Ar
586 4160 652 4203 eorm
677 4149 709 4203 tu
732 4141 767 4202 ob
789 4144 929 4204 uirtutem
954 4160 1065 4204 corona
1088 4150 1157 4204 ante
1175 4143 1313 4206 donares
1337 4156 1367 4206 et

177 4244 440 4325 pastinati
464 4264 521 4326 quo
544 4247 575 4306 in
600 4246 661 4306 loco
683 4245 769 4306 nobis
792 4247 855 4306 vita
879 4245 1304 4328 memoriammemorial
1326 4249 1368 4309 ad

176 4355 294 4427 tempus
317 4348 553 4409 eocistimatronis
580 4356 692 4428 partae
718 4346 841 4427 fructus
863 4346 1085 4424 reservabitur,
1118 4350 1199 4410 siin
1229 4357 1367 4411 contremo

176 4449 352 4512 discrimine
375 4467 411 4511 ac
433 4450 624 4512 dimicatione
643 4449 789 4530 fortunae
811 4451 949 4512 deseret?
971 4453 1001 4512 si
1020 4469 1078 4512 nou
1103 4450 1212 4528 aderit,
1240 4453 1270 4513 si
1289 4451 1367 4513 nibil
