3068 5114
562 353 750 414 Sercnnnnu
774 370 922 414 carrrcuu.
1286 339 1332 408 ’Π

146 541 364 619 Heusingerus
386 559 442 601 nos
466 541 594 621 relegat,
620 542 700 602 nihil
723 544 813 601 all'ert
829 540 913 620 quod
936 540 974 600 ad
1000 559 1066 602 rem
1089 540 1128 600 de
1145 561 1206 619 qua
1230 541 1334 618 agitur

146 645 318 720 pertineat.
366 644 460 704 Recte
485 646 515 703 in
540 643 678 704 editione
701 644 903 705 Ultraiectina
928 644 1081 723 scriptum
1106 653 1153 704 εει
1176 645 1206 703 iu
1230 661 1297 723 quo,

235 748 325 807 Ham.
352 748 382 818 ἓ,
408 748 426 807 3
452 766 634 827 perversam
657 747 845 808 sententiam
871 746 988 807 babent
1013 747 1089 807 baec
1111 745 1226 807 verba:
1258 748 1333 822 (lui-

150 847 203 909 bus
228 850 318 910 molis
341 848 415 908 odeo
438 857 509 910 sunt
534 852 623 911 Poeni
648 851 807 930 perterriti
830 857 863 910 ut
892 850 980 911 etium
1003 850 1127 911 ouoeilio
1149 869 1169 909 o
1191 852 1333 910 llomonis

149 954 289 1028 petierint
311 970 404 1031 eoque
427 953 630 1032 impetrarint.
666 955 775 1032 Neque
799 953 881 1014 enim
906 973 942 1012 eo
958 952 1041 1033 quod
1058 953 1219 1032 perterriti
1244 962 1333 1012 erant

152 1053 242 1115 Poeni
280 1053 407 1116 efficere
444 1065 588 1134 poterant
624 1065 660 1117 ut
689 1058 818 1116 Romani
857 1057 973 1117 auxilia
1011 1056 1183 1118 mitterent.
1231 1058 1333 1137 Nepos

150 1159 276 1238 scripsit
299 1160 512 1238 impetrarunt.

236 1262 338 1320 llann.
364 1261 395 1339 5,
421 1262 440 1322 ἓ
470 1280 530 1322 non
562 1263 691 1323 toleravi
723 1281 803 1341 quae
840 1263 869 1321 in
902 1260 1065 1324 codicibus
1093 1264 1210 1342 scripta
1239 1273 1329 1324 sunt:

144 1365 212 1438 (tuo
236 1368 393 1444 repentino
416 1364 528 1426 obiectu
550 1369 614 1426 viso
637 1374 753 1426 tanturn
777 1373 922 1426 terrorem
944 1366 1045 1426 iniecit
1060 1368 1211 1427 coercitor?
1225 1369 1333 1426 Romo-

135 1484 258 1529 norum
281 1475 314 1527 ut
336 1468 439 1550 epredi
460 1477 553 1529 eoetru
575 1470 691 1530 collum
713 1487 798 1529 nemo
821 1471 861 1530 sit
874 1487 980 1530 eurus.
1014 1470 1088 1529 Nam
1106 1471 1232 1530 nomine
1248 1469 1332 1549 quod

131 1581 190 1630 εει
211 1569 343 1631 obiectus
366 1572 561 1649 antiquiores
577 1571 735 1652 pedestris
758 1572 908 1632 orationis
930 1573 1099 1652 scriptores
1121 1573 1247 1632 omnino
1270 1592 1331 1633 non

123 1682 222 1734 sunt
246 1674 307 1750 usi,
333 1671 373 1732 ab
393 1673 540 1735 omnibus
563 1683 667 1736 autem
691 1677 731 1734 ita
749 1676 885 1754 positum
908 1685 955 1736 est
977 1684 1013 1735 ut
1035 1677 1114 1735 actio
1137 1677 1333 1754 significare-

122 1782 207 1837 tur.
249 1768 304 1834 Hic
327 1794 402 1835 vero
426 1775 457 1835 id
475 1776 559 1856 quod
583 1776 791 1838 obiiciebatur
814 1776 1061 1856 intellegendum
1086 1787 1179 1839 essct.
1212 1778 1332 1838 Deinde
1372 1809 1375 1815 >

119 1878 215 1941 iure
234 1879 379 1939 Bremius
401 1881 533 1941 miratus
556 1889 603 1940 est
626 1899 687 1940 non
712 1881 866 1942 eiusmodi
884 1882 1086 1961 participium
1111 1881 1161 1942 hic
1184 1901 1252 1941 esse
1276 1903 1333 1962 po-

117 1986 244 2044 situm
278 2000 339 2061 quo
368 1982 445 2061 quid
475 1983 515 2044 ab
538 1984 711 2047 Hannibale
739 1995 824 2045 esset
854 1984 968 2045 lactum
1000 1984 1203 2045 indicaretur.
1251 1987 1333 2046 llaec

112 2087 252 2146 omnia
278 2096 480 2146 removentur
510 2087 669 2147 lenissima
699 2089 872 2148 mutatione
896 2106 977 2167 quae
1009 2088 1039 2148 in
1070 2087 1207 2148 editione
1231 2090 1333 2149 Ultra-

116 2189 264 2252 iectina
289 2187 430 2250 abhibita
455 2201 513 2250 cst.
548 2189 758 2251 Scribendum
783 2201 831 2251 cst
855 2192 938 2251 enim
963 2192 1026 2265 Quo
1048 2191 1203 2271 repentino
1226 2191 1333 2252 obiecto

116 2296 229 2369 viso,
276 2293 307 2352 in
331 2292 448 2371 quibus
470 2296 534 2354 uiso
558 2313 671 2354 nomen
696 2313 784 2374 esse,
816 2293 923 2357 obiecto
946 2295 1148 2375 participium
1173 2296 1331 2356 neminem

114 2394 261 2476 fugere
287 2395 438 2478 potest*).

234 2500 338 2558 llann.
364 2499 394 2575 8,
423 2499 434 2557 l
470 2499 547 2559 haec
576 2501 608 2559 in
639 2498 745 2561 codice
776 2500 943 2580 archetypo
969 2501 1086 2579 scripta
1118 2498 1262 2561 luerunt:
1296 2498 1335 2562 dt

118 2601 306 2665 Hannibal
332 2621 413 2662 anno
442 2605 528 2663 tertio
556 2610 713 2683 postquem
737 2603 821 2664 domo
848 2602 1043 2685 prosuqcrot,
1071 2606 1105 2664 L.
1134 2605 1269 2666 Cornelio
1294 2607 1328 2680 Q.

118 2709 282 2769 Minucio
305 2703 486 2784 consulitur,
514 2725 579 2766 cum
602 2724 619 2765 v
642 2705 772 2767 novibus
788 2703 924 2786 Africum
948 2708 1072 2767 occessit
1095 2708 1126 2767 in
1146 2706 1258 2786 finibus
1276 2709 1333 2787 Gy-

119 2795 353 2888 renueorunr,'
384 2812 413 2869 ri
437 2810 517 2890 forte
541 2809 802 2891 Corthoyiuienses
825 2809 866 2870 od
891 2809 998 2871 bellum
1021 2807 1160 2871 Antiochi
1180 2829 1231 2890 spe
1251 2811 1371 2890 fidu-'os

119 2919 272 2995 cr'oque,
305 2914 356 2973 cui
385 2914 443 2973 r'orn
470 2922 669 2994 persuaserat
691 2921 725 2974 ut
746 2932 813 2974 curn
835 2912 1020 2974 coercione
1043 2915 1074 2974 in
1097 2914 1218 2974 ltaliam
1239 2916 1333 2994 profi-

118 3023 324 3082 cisceretur.
372 3018 458 3089 Quae
493 3037 563 3078 cum
598 3019 709 3078 vitiosa
744 3037 812 3077 esse
848 3027 1033 3097 appareret,
1070 3017 1201 3078 Rothius
1230 3016 1332 3079 deleta

122 3121 304 3201 particula
327 3129 361 3182 ut
383 3120 535 3200 deinceps
554 3122 818 3201 proficiscerentur
841 3119 1043 3182 scribendum
1074 3122 1206 3181 coniecit
1238 3121 1332 3200 idque

123 3224 290 3287 Klotzius
319 3223 473 3304 probavit.
538 3223 622 3284 ldem
654 3243 710 3303 ego
742 3222 843 3283 iacere
874 3243 934 3283 non
964 3222 1161 3301 dubitarem,
1197 3226 1222 3284 si
1248 3225 1332 3303 quod

125 3327 289 3390 Klotzius
312 3328 503 3387 existimavit
520 3329 551 3387 in
568 3327 737 3407 archetypo
756 3328 908 3405 scriptum
925 3325 1036 3388 luisset
1055 3328 1328 3407 proficiscerentur,

124 3433 168 3494 id
197 3430 291 3511 quod
315 3431 346 3489 in
373 3449 436 3491 uno
459 3430 615 3492 deteriore
644 3429 752 3492 codice
783 3440 813 3489 et
843 3429 981 3490 editione
1004 3427 1260 3511 Argentoratensi
1285 3432 1332 3491 le·
1399 3412 1412 3429 ⁸

128 3539 245 3615 gitur.
294 3533 334 3593 Αι
356 3553 418 3594 non
442 3535 542 3594 solum
566 3533 790 3612 interpolatum
814 3531 934 3612 aliquid
958 3541 1114 3611 statuere,
1150 3531 1206 3593 sed
1237 3535 1330 3593 etiam

130 3642 285 3701 alterum
310 3639 352 3697 ita
375 3646 556 3716 corruptum
584 3645 619 3697 ut
648 3645 713 3697 tum
737 3635 864 3696 demum
894 3637 920 3695 si
944 3636 1001 3696 hoc
1031 3645 1213 3715 corruptum
1238 3634 1333 3696 fuerit

134 3762 241 3805 causa
269 3742 518 3821 interpolationis
540 3741 751 3819 perspiciatur
773 3739 850 3818 quid
880 3749 928 3800 est
951 3738 1037 3799 aliud
1067 3739 1128 3799 nisi
1152 3738 1249 3799 dubia
1272 3739 1333 3799 du-

137 3844 208 3908 biis
234 3844 395 3925 probare?
428 3846 580 3924 Superest
604 3845 698 3922 igitur
720 3853 755 3904 ut
778 3842 934 3903 excidisse
957 3842 1112 3922 quaedam
1137 3841 1327 3917 iudicemus;

143 3948 233 4029 quod
260 3947 343 4008 idem
367 3957 439 4008 ante
462 3948 580 4026 aliquot
603 3946 727 4007 saecula
751 3947 929 4026 complures
953 3945 1108 4007 iudicasse
1127 3945 1243 4006 indicio
1259 3955 1332 4005 sunt

146 4070 229 4132 quae
253 4053 285 4112 in
309 4050 415 4111 codice
438 4050 590 4111 Urbinato
615 4052 645 4110 in
670 4051 811 4127 margine
834 4059 907 4111 sunt
929 4050 1075 4128 ascripta,
1102 4050 1238 4109 euellere
1257 4067 1331 4128 pos-

153 4164 207 4233 set,
243 4157 274 4215 in
307 4152 413 4214 codice
444 4153 566 4231 collegii
591 4154 718 4213 Romani
750 4155 883 4233 aliisque
913 4160 983 4232 post
1008 4151 1176 4231 fiduciaque
1199 4152 1327 4230 inserta,

156 4258 292 4320 inducere
311 4265 422 4338 posset,
449 4258 480 4317 in
504 4258 680 4317 Monacensi
705 4265 773 4336 post
791 4253 929 4316 Antiochi
949 4253 1083 4328 adiecta,
1109 4255 1237 4313 incitare
1257 4272 1330 4333 poc-

220 4482 244 4546 *t
267 4482 310 4546 [cf.
332 4481 399 4543 spic.
421 4495 447 4530 u.
470 4488 494 4540 5,
517 4481 569 4543 tn]
