3076 5122
199 292 269 367 136
616 310 647 369 ln
672 308 824 370 Continuo
851 310 968 371 Neroni

150 566 153 571 ,
193 499 314 574 ducere,
341 500 504 560 visurusne
527 516 572 558 me
595 497 638 559 sis
662 499 693 558 in
713 499 885 577 provincia,
912 517 946 558 ea
971 517 1020 560 res
1042 499 1087 559 444
1109 516 1141 560 44
1155 497 1253 559 labet.
1291 500 1323 577 8,
1344 500 1381 559 40

195 605 238 663 De
263 601 384 663 Partitis
407 600 486 681 qnod
508 603 641 681 quaeris,
665 600 763 681 fuisse
785 601 885 663 nullos
907 608 988 681 puto.
1036 604 1067 679 9,
1086 603 1103 662 3
1130 601 1217 678 Quod
1238 611 1341 663 aute-m
1363 624 1383 664 4

195 725 241 766 nic
263 706 323 767 lale
338 703 481 785 quiddam
505 703 672 781 desideras,
698 722 772 764 4444
795 703 869 763 mili
889 703 1144 765 considerandum
1168 711 1223 776 est,
1248 723 1383 786 quoniam

194 816 221 869 te
244 825 425 869 rencurierer
441 807 632 887 potissimum
653 825 772 887 periere.
821 825 863 867 ιν.
888 808 920 881 2,
945 807 962 866 3
993 806 1079 882 Quod
1101 809 1262 870 eoeistimas
1285 827 1384 871 meam

194 930 321 973 4444444
343 910 532 972 coniunctam
555 928 619 971 esse
635 928 702 970 cam
717 917 781 988 444,
807 918 886 971 certe
908 911 1016 972 similis
1040 911 1069 970 in
1093 917 1219 990 utroque
1242 919 1383 973 44444444

166 1028 285 1076 norror
304 1014 375 1094 sicil.
423 1033 451 1072 v.
478 1014 508 1086 2,
534 1013 552 1072 3
579 1011 665 1088 Quod
688 1019 788 1074 antem
810 1014 854 1073 444
876 1001 996 1074 scrrln's'
1017 1032 1076 1093 pro
1098 1020 1200 1074 mutuo
1224 1015 1383 1079 internos

194 1118 306 1195 444444,
332 1116 405 1197 qnid
427 1124 461 1176 44
483 1116 639 1176 4444444444
662 1133 726 1176 4444
742 1116 772 1175 444
789 1116 924 1176 amicitia
938 1122 1086 1191 44444444,
1105 1117 1216 1178 nescio.
1250 1116 1269 1175 ὃ
1296 1119 1385 1195 Quod

192 1217 302 1280 scribis
325 1219 361 1279 de
382 1218 578 1279 reconciliata
600 1224 707 1277 nostro
728 1218 840 1298 pratia,
867 1237 926 1277 444
949 1218 1095 1300 444444494,
1122 1237 1178 1280 cur
1200 1222 1384 1282 reconcilia-

193 1330 255 1383 tam
278 1340 342 1382 esse
365 1320 459 1398 dicas,
487 1338 563 1401 quine
586 1338 751 1400 44444444
774 1321 933 1381 4444444444
956 1328 1010 1382 444.
1047 1323 1065 1380 6
1084 1321 1170 1396 Quod
1192 1322 1303 1384 scribis
1320 1343 1383 1386 non

192 1426 362 1504 oportuisse
378 1424 528 1485 Metellum
541 1421 672 1502 fratrem
696 1429 782 1483 444444
804 1421 838 1483 ob
860 1422 971 1485 44444444
994 1444 1014 1484 a
1037 1442 1082 1484 nne
1104 1427 1287 1506 oppnnpnari,
1311 1429 1385 1506 pri-

192 1547 275 1589 mum
304 1528 357 1589 lioc
387 1528 475 1589 velim
504 1528 660 1588 eccistimes
690 1527 825 1586 44444444.
856 1526 930 1586 milii
958 1528 1048 1588 istum
1079 1535 1163 1589 tuum
1192 1528 1386 1592 oetemernn·

190 1631 321 1712 probari
342 1641 374 1692 et
389 1649 421 1710 q.
440 1649 464 1690 4.
509 1631 559 1706 44,
579 1630 597 1689 2
623 1629 709 1706 Quod
727 1629 800 1690 milii
810 1630 956 1710 feminam
977 1632 1174 1711 primariam,
1195 1634 1379 1713 Pompeiam,

192 1755 324 1797 naorcm
346 1743 446 1810 444444,
473 1733 680 1807 commendas,
706 1752 774 1794 cnm
798 1734 881 1794 Sara
905 1743 1006 1795 nostro
1029 1737 1132 1797 statim
1155 1736 1271 1798 locutus
1298 1755 1380 1816 snm,

192 1846 224 1899 ul
247 1840 276 1899 ei
296 1839 370 1898 meis
393 1835 494 1898 444444
518 1836 639 1912 diceret,
664 1844 707 1910 44,
733 1836 878 1917 quidquid
900 1856 975 1916 opus
998 1845 1091 1916 44444,
1121 1837 1195 1899 444444
1216 1838 1384 1903 denuntia-

192 1947 248 2001 ret.
297 1941 348 2016 244,
376 1942 393 1999 3
419 1938 618 2014 Quamobrem
641 1938 677 1999 de
705 1940 820 2000 Volusio
843 1939 921 2019 quod
943 1939 1068 2017 scribis,
1100 1959 1159 2001 non
1190 1949 1234 2003 est
1263 1942 1297 2003 id
1318 1962 1383 2004 ra-

191 2046 317 2104 tionum.
365 2040 384 2100 7
409 2041 494 2117 Quod
516 2040 624 2104 scribis
648 2041 684 2102 de
706 2040 871 2121 beneficiis,
904 2044 976 2103 scito
1000 2062 1020 2102 a
1042 2061 1088 2103 me
1110 2050 1138 2104 et
1160 2041 1298 2107 tribunos
1321 2049 1384 2107 mi-

192 2146 297 2207 4444444
320 2152 348 2207 44
366 2143 536 2225 praefectos
560 2152 588 2206 et
608 2143 837 2207 contubernales
860 2144 1025 2207 4444444444
1053 2163 1133 2208 meos
1162 2145 1277 2209 delatos
1301 2166 1379 2211 esse.

191 2266 246 2308 vn.
267 2249 298 2324 8,
318 2249 336 2309 2
361 2247 447 2322 Quod
469 2245 578 2308 scribis
601 2246 637 2308 de
661 2247 711 2308 illo
737 2248 881 2308 Preciano
905 2248 1121 2321 iureconsulto,
1146 2267 1198 2331 epo
1220 2257 1247 2310 te
1269 2250 1300 2310 ei
1320 2270 1382 2313 non

191 2350 294 2412 desino
317 2350 536 2412 commendare.
577 2350 629 2426 25,
658 2351 669 2408 4
700 2349 786 2424 (laod
808 2351 964 2430 epistolam
987 2352 1170 2413 conscissam
1192 2351 1292 2427 doles,
1319 2357 1387 2415 noli

191 2451 350 2530 laborare,
383 2453 472 2514 salva
502 2460 555 2517 est.
604 2453 656 2530 33,
685 2453 696 2511 4
732 2453 817 2528 Quod
839 2454 938 2514 Hirtio
968 2454 1085 2515 invides
1112 2453 1168 2532 (sic
1190 2456 1275 2516 enim
1299 2460 1384 2517 sori-

190 2554 330 2619 bendum
355 2565 420 2632 est,
452 2574 515 2616 non
539 2554 716 2636 4444444444),
748 2557 811 2616 nisi
835 2574 903 2616 4444
925 2575 1065 2630 amares,
1097 2577 1157 2619 non
1186 2565 1253 2620 erol
1282 2577 1381 2622 causa

191 2659 357 2720 invidendi.
399 2677 464 2719 vui.
492 2660 522 2735 6,
542 2660 560 2718 5
586 2657 671 2734 Quod
694 2657 748 2720 tibi
768 2677 866 2738 supra
888 2660 1001 2740 scripsi
1020 2660 1181 2721 Curionem
1204 2661 1295 2722 valde
1315 2661 1383 2742 sri-

190 2780 270 2843 pere,
297 2763 358 2822 4444
375 2761 461 2822 calet.
503 2780 541 2821 ix.
563 2762 613 2838 44,
633 2762 651 2822 2
677 2761 762 2836 (laod
777 2761 887 2824 scribis
906 2764 1027 2843 proelia
1049 2770 1076 2824 44
1099 2782 1165 2825 mea
1188 2783 1285 2826 caiisa
1308 2783 1382 2829 sns-

190 2865 302 2941 tinere,
329 2882 390 2924 444
419 2871 480 2925 tam
504 2864 535 2925 id
558 2863 671 2942 laboro,
698 2871 747 2941 44,
774 2867 803 2926 si
824 2866 877 2944 qni
897 2865 971 2926 milii
992 2864 1170 2941 attrectent,
1197 2887 1216 2926 a
1239 2874 1266 2928 44
1288 2868 1381 2949 resn-

190 2973 303 3040 tentur,
328 2985 418 3046 quarn
448 2967 580 3049 intellepi
607 2968 694 3047 cupio
717 2985 763 3028 444
785 2988 805 3028 a
827 2974 854 3028 te
877 2969 990 3029 onrari.
1040 2969 1090 3046 45,
1117 2970 1134 3029 3
1161 2969 1248 3044 Quod
1276 2979 1381 3034 aulem

190 3071 291 3132 ultera
313 3069 440 3150 epistola
459 3088 577 3152 purpas
601 3077 627 3130 te
650 3089 710 3130 non
732 3070 940 3133 dissuasorem
963 3070 1037 3133 nei'ln'
1057 3074 1215 3152 emptionis
1233 3074 1382 3154 Neapoli-

190 3180 281 3234 tanae
300 3171 410 3252 fuisse,
435 3172 489 3233 sed
511 3181 665 3234 auctorem
687 3175 929 3235 commorationis
951 3173 1099 3252 44444444,
1126 3194 1221 3257 neque
1243 3195 1295 3258 epo
1318 3180 1382 3240 ali·

190 3283 236 3337 ter
258 3276 408 3356 accepiet
436 3275 502 3356 (hoc
524 3283 552 3336 44
574 3296 631 3355 ogo
654 3275 764 3354 adieci)
801 3277 940 3338 intellexi
968 3285 1066 3338 444444
1096 3298 1155 3340 non
1184 3280 1382 3344 ean'stimasse-

190 3387 216 3441 te
238 3379 313 3439 milri
334 3379 424 3440 licere
447 3397 496 3440 res
519 3378 575 3440 lias
598 3379 779 3459 relinquere.
821 3400 849 3439 x.
868 3381 920 3458 22,
940 3382 958 3440 2
984 3381 1071 3454 (laod
1086 3381 1127 3442 ad
1142 3400 1187 3442 me
1205 3384 1381 3463 scripseras

190 3483 226 3543 de
250 3501 283 3543 re
305 3484 444 3563 apraria,
471 3483 500 3543 si
520 3482 677 3544 consultas
705 3490 829 3544 senatus
852 3491 945 3559 44444,
979 3487 1158 3565 utquisque
1180 3484 1382 3565 4444444444-

190 3586 338 3647 tissimum
361 3585 445 3646 dete
468 3584 815 3664 sententiamdiaeissel,
848 3605 915 3647 eane
937 3595 1057 3649 4444444
1080 3605 1184 3649 essem.
1233 3607 1273 3649 44.
1302 3593 1331 3667 6,
1362 3593 1373 3650 4

191 3688 276 3764 Quod
299 3687 373 3750 milii
394 3695 477 3749 tuam
500 3688 674 3770 dipnitatem
704 3689 911 3762 commendas,
945 3690 1044 3751 eodem
1074 3699 1205 3771 tempore
1235 3693 1379 3755 existimo

190 3799 216 3851 te
249 3790 323 3851 444444
356 3809 451 3851 meam
486 3790 660 3872 dipnitatem
689 3792 910 3852 commendare.
958 3794 1010 3870 24,
1037 3794 1055 3854 2
1086 3794 1167 3855 Nam
1194 3793 1273 3874 quod
1299 3796 1379 3858 idern

190 3894 331 3976 sepelias
365 3901 523 3954 ueteranos
553 3894 656 3973 queri,
689 3893 768 3974 qnod
796 3901 828 3954 tn
851 3902 879 3955 et
903 3895 1017 3955 Caesar
1048 3897 1080 3957 44
1110 3895 1287 3957 decemviris
1317 3917 1376 3958 non

189 3997 309 4069 esselis,
346 3997 462 4058 4444444
484 4015 522 4057 ne
545 4015 595 4077 epo
618 3995 736 4077 quidem
760 4016 866 4059 essem.
914 3999 932 4057 3
959 3998 1044 4073 Quod
1073 4007 1173 4058 autem
1202 3998 1312 4062 scribis
1336 4009 1375 4071 le,

189 4099 267 4178 quood
287 4118 344 4180 pro
368 4106 394 4160 te
417 4100 480 4178 ipso
504 4117 564 4159 non
583 4097 695 4177 facias,
722 4100 754 4160 id
772 4119 830 4180 pro
855 4120 909 4179 me,
935 4109 968 4163 ut
990 4101 1026 4161 de
1048 4120 1094 4161 444
1117 4102 1223 4164 timeas
1246 4102 1375 4182 aliquid,

188 4204 271 4262 44444
291 4208 318 4263 44
341 4201 377 4261 de
399 4220 445 4263 me
466 4209 546 4269 metu
568 4201 672 4263 libero.
722 4205 738 4263 4
766 4203 851 4278 (luod
874 4203 947 4265 mut
971 4206 1142 4285 praecipis,
1175 4212 1208 4266 ut
1237 4224 1373 4284 caveam,

188 4322 225 4363 ne
248 4304 376 4365 timendo
407 4305 502 4386 riui-pis
531 4305 636 4365 timere
658 4324 758 4387 copon,
785 4314 812 4366 et
841 4310 995 4387 sapienter
1017 4315 1045 4369 et
1073 4309 1253 4369 amicissime
1280 4328 1377 4388 prae-

187 4407 275 4486 cipis.
323 4408 374 4484 24,
401 4408 420 4467 2
446 4405 531 4482 (laod
553 4406 662 4468 scribis
690 4409 837 4470 initalia
861 4417 887 4470 te
915 4419 1125 4483 inoratnium,
1156 4410 1226 4471 dnm
1250 4410 1304 4473 tibi
1326 4413 1377 4474 lil-
