3068 5114
271 309 347 382 572
571 321 1161 385 eumuna-mustum

269 514 491 574 laeentesex
513 512 564 572 b's
584 511 702 573 stlatolis
723 513 912 592 percipient.
958 513 1085 573 §amsi
1107 515 1152 575 ih
1177 531 1293 574 onnes
1319 514 1468 592 antiqni-

270 617 1166 696 tatispartetpertractataeatqueexpoeitacment.
1196 617 1280 677 nibil
1308 628 1468 695 amper-

271 716 913 799 pawmdwmenrenmruoetiom
939 730 996 780 aut
1025 717 1465 799 oophsalilnrnsupel-

269 821 375 882 leetile
390 822 538 882 instructi
553 823 791 882 commentariis
805 832 952 882 veteram
965 824 1156 902 scriptorum
1173 842 1285 884 carere
1300 834 1461 902 poteram.

267 922 1040 1004 eum,ubieuuuqueinaliquareltarsissent,
1070 923 1464 986 adillnslibrosrecur·

271 1038 390 1104 rerent,
414 1025 536 1107 quibus
555 1045 667 1088 omnes
685 1029 890 1107 antiquitatis
912 1039 1021 1108 partos
1047 1031 1286 1090 mratissime
1307 1040 1342 1089 et
1363 1027 1464 1090 uber·

270 1132 351 1192 rime
373 1132 549 1210 explicatas
570 1129 739 1192 baberent.
770 1131 843 1191 llixi
864 1141 973 1192 autem
995 1133 1059 1193 iam
1078 1143 1175 1194 antea
1195 1131 1385 1212 longissime
1406 1149 1462 1192 nas

269 1232 312 1298 ab
333 1234 393 1294 boe
414 1233 478 1295 line
499 1231 625 1309 abesse,
649 1244 682 1295 et
703 1252 776 1295 cum
799 1253 909 1296 rerum
930 1233 1171 1296 multitudinem
1192 1246 1224 1297 et
1238 1233 1460 1297 difficultatem

269 1336 445 1414 anaidem,
471 1335 556 1399 baud
570 1338 636 1398 scio
657 1356 699 1398 an
720 1356 897 1417 numquam
918 1357 958 1398 eo
971 1340 1160 1417 perremuri
1181 1339 1295 1414 simus.
1322 1350 1359 1400 ut
1381 1338 1459 1399 unu

270 1438 364 1502 nobis
384 1438 545 1520 agendum
566 1441 720 1520 supersit.
758 1438 825 1501 Sed
839 1439 891 1502 rel
912 1442 960 1501 sic
980 1459 1110 1520 semper
1123 1443 1362 1503 commentariis
1381 1458 1461 1520 opus

268 1545 331 1605 erit
354 1543 404 1617 iis,
429 1543 498 1622 qui,
522 1561 596 1604 cum
618 1542 769 1623 philologi
790 1561 853 1602 nou
875 1545 955 1620 sint,
981 1554 1089 1604 tamen
1115 1546 1319 1624 antiquitatis
1348 1563 1460 1606 monu-

270 1656 377 1707 menta
400 1664 589 1726 cognoscere
611 1647 761 1725 cupiant:
788 1645 970 1727 explicandi
992 1658 1087 1708 erunt
1105 1659 1251 1709 retemm
1273 1646 1350 1708 libri
1371 1660 1404 1708 et
1428 1649 1459 1707 in

270 1750 446 1811 litterarum
476 1747 738 1810 universitatibus
771 1748 1029 1811 adolescentibus
1055 1761 1087 1812 et
1123 1752 1157 1811 in
1192 1751 1310 1811 sobolis
1338 1751 1457 1830 pueris.

270 1853 379 1932 ltaque
396 1852 453 1913 hoc
467 1870 596 1932 quoque
612 1851 672 1913 hae
692 1851 817 1913 scholae
840 1853 891 1915 iis.
915 1853 972 1933 qui
987 1853 1173 1933 philologiae
1194 1853 1338 1917 student.
1364 1873 1460 1933 prac-

269 1954 417 2031 stabunt,
445 1966 478 2016 ut
501 1955 560 2015 boc
582 1973 699 2016 munus
721 1954 984 2034 explicandorum
1006 1967 1151 2017 retemm
1174 1956 1348 2019 libromm.
1373 1955 1458 2036 quod

270 2058 331 2138 ipsi
347 2055 499 2138 delugere
521 2055 694 2136 aliquando
716 2075 823 2138 neque
841 2068 990 2138 poterunt
1013 2077 1118 2138 neque
1141 2058 1320 2125 debebunt,
1344 2079 1460 2139 quem·

268 2159 441 2225 admodum
476 2172 561 2222 recte
590 2171 623 2221 et
650 2159 764 2222 ordine
792 2160 1053 2225 administretur.
1090 2164 1261 2242 accipiant.
1328 2163 1457 2225 llisceut

271 2265 379 2344 igitar,
404 2265 551 2343 quivere
573 2264 734 2344 explicare
758 2264 875 2327 librum
897 2266 1038 2345 aliquem
1056 2267 1175 2345 cupiat,
1200 2268 1229 2325 ei
1245 2265 1368 2327 nullam
1384 2285 1459 2346 par·

268 2377 334 2429 tem
356 2384 427 2428 esse
450 2365 681 2446 neglegendam
703 2386 809 2447 neque
832 2370 987 2428 minorem
1009 2387 1118 2429 curam
1142 2366 1239 2429 rebus
1261 2387 1359 2448 quam
1380 2387 1459 2429 ser·

270 2468 320 2531 bis
344 2466 601 2550 impendendam,
627 2468 753 2531 discent
775 2472 809 2531 in
831 2470 943 2550 primis
964 2490 1030 2531 rem
1053 2472 1087 2530 iu
1110 2471 1168 2531 hoc
1188 2488 1308 2550 genere
1330 2469 1459 2532 difficil-

270 2574 387 2649 litnam,
419 2571 558 2633 modum.
606 2573 682 2634 Nam
706 2571 792 2652 quod
815 2583 909 2634 antea
930 2571 998 2633 dixi
1020 2575 1118 2634 totius
1146 2574 1347 2653 antiquitatis
1376 2574 1459 2634 locos

271 2677 302 2736 in
321 2686 463 2736 veterum
480 2675 668 2753 scriptorum
686 2674 776 2735 libris
792 2674 981 2737 enarrandis
996 2675 1160 2737 uberrime
1176 2687 1206 2736 et
1223 2678 1459 2738 accuratissime

270 2778 440 2857 explicari,
474 2796 513 2837 ne
536 2779 609 2855 quis
639 2796 689 2837 ine
719 2797 828 2839 eorum
852 2780 1005 2839 rationem
1028 2778 1164 2858 probare
1194 2780 1370 2839 existimet.
1402 2781 1458 2858 qui

270 2900 330 2941 nen
349 2879 475 2956 librum,
501 2898 598 2959 qucm
614 2890 761 2955 tractant,
787 2881 958 2960 explicare,
983 2881 1092 2942 sedeo
1113 2880 1153 2943 ad
1168 2901 1278 2943 omues
1293 2881 1456 2944 doctrinae

268 3001 345 3044 suae
367 2983 474 3062 copias
496 2981 728 3044 coacervandas
751 2994 782 3043 et
804 2983 1014 3045 effundendas
1030 2983 1117 3045 abuti
1134 2996 1339 3046 consuerunt.
1381 2987 1455 3048 Eam

269 3085 445 3147 studiorum
469 3095 647 3148 nostrerum
672 3087 824 3147 rationem
848 3104 981 3166 eamque
1002 3098 1149 3148 veterum
1172 3086 1324 3149 librorum
1346 3088 1457 3150 condi-

268 3191 390 3251 cionem
420 3208 490 3250 esse
513 3188 600 3265 dixi,
629 3199 664 3250 ul
692 3189 790 3252 multa
820 3191 912 3251 aliter
940 3191 1093 3270 explicari
1125 3209 1186 3252 non
1218 3203 1364 3271 possent,
1396 3193 1456 3252 uisi

269 3292 471 3372 quaestiones
487 3290 643 3371 quaedam
667 3294 900 3354 accuratissime
918 3304 1161 3355 excuterentur:
1188 3296 1220 3354 in
1237 3313 1361 3357 summa
1379 3296 1456 3356 nihil

270 3395 369 3474 nitigis
392 3393 567 3455 tenendum
591 3393 745 3472 arbitror,
773 3414 869 3475 quam
893 3414 932 3456 ne
956 3395 1034 3475 quid
1059 3395 1254 3475 proferatur,
1289 3399 1349 3458 nisi
1373 3397 1456 3478 quod

268 3507 323 3559 aul
353 3496 392 3557 ad
429 3497 663 3560 emendandum
698 3508 753 3560 aut
783 3497 822 3560 ad
860 3498 1110 3578 intellegendum
1141 3498 1258 3561 librum
1292 3502 1388 3580 plane
1417 3504 1457 3562 sit

270 3601 497 3662 necessarium.

355 3703 498 3765 Vidimus
522 3705 581 3765 iam
606 3723 659 3765 eas
689 3704 828 3781 scholas,
855 3703 974 3785 quibus
997 3717 1141 3767 veterum
1171 3707 1360 3786 scriptorum
1384 3706 1457 3768 libri

268 3807 472 3886 corriguntur
495 3819 527 3867 et
551 3807 761 3887 explicantur,
788 3807 945 3886 omnibus,
972 3810 1026 3889 qui
1051 3809 1083 3868 iu
1107 3809 1211 3871 studia
1235 3809 1384 3871 historica
1407 3812 1457 3871 in·

268 3909 438 3986 curabunt,
466 3911 647 3972 universam
671 3922 703 3971 et
725 3930 925 3972 communem
948 3912 1059 3973 horum
1086 3911 1263 3974 studiorum
1288 3915 1454 3985 rationem,

268 4033 331 4094 qua
355 4014 418 4075 sola
444 4032 477 4074 re
502 4033 576 4075 vere
601 4014 670 4076 lieri
695 4023 812 4095 potest,
847 4034 907 4077 asu
937 4014 1063 4078 tradere
1094 4014 1285 4095 easdemque
1315 4019 1457 4079 omnium

268 4117 467 4196 antiquitatis
495 4119 633 4197 partium
664 4117 898 4182 tractandarum
929 4119 1178 4181 luculentissima
1209 4120 1355 4200 exempla
1384 4140 1458 4200 pro-

268 4237 398 4301 ponere.
447 4221 510 4282 llae
537 4220 635 4300 igitur
663 4221 787 4282 scholae
810 4231 901 4299 sunt,
927 4219 1045 4301 quibus
1075 4233 1284 4283 exerceantur
1312 4231 1344 4282 et
1365 4223 1456 4302 quasi

270 4325 301 4385 in
325 4341 454 4386 arenam
473 4322 673 4385 deducantur
695 4322 922 4401 adolescentes,
948 4322 1077 4404 quibus,
1104 4323 1371 4404 quemadmodum
1396 4327 1456 4406 ipsi

267 4425 391 4507 aliquid
414 4428 446 4488 in
470 4426 520 4488 his
542 4425 658 4489 studiis
681 4425 805 4489 efficere
828 4427 961 4508 possint,
987 4429 1198 4490 instruantur.
1245 4426 1338 4501 Quod
1359 4430 1388 4490 si
1413 4431 1460 4513 ³¹ss
