3068 5114
282 1630 341 1702 DE
369 1632 490 1702 Locis
518 1632 771 1718 QUIBUSDAM
800 1632 974 1705 HORATil
1000 1635 1062 1705 Ex
1090 1635 1224 1706 PRIMO

633 1786 881 1858 SATIRARUM

554 1990 798 2041 COMMENTATIO
816 1991 958 2042 ALTERA.

168 2144 260 2207 (index
279 2143 435 2195 scholarum
453 2145 617 2196 aestivarum
636 2147 664 2194 in
682 2146 857 2196 universitate
876 2145 1027 2196 litterarum
1042 2146 1148 2197 lenensi
1167 2160 1192 2198 e.
1208 2161 1362 2202 uocccevm

650 2230 859 2295 habendarum.)

250 2398 433 2506 Assentior
456 2444 510 2521 iis,
537 2445 590 2524 qui
615 2445 731 2505 Horatii
758 2463 827 2505 esse
850 2455 970 2525 negent
991 2455 1058 2506 octo
1079 2463 1190 2507 vorsus
1214 2447 1249 2508 in
1272 2468 1361 2528 pau·

164 2551 209 2609 cis
232 2545 395 2609 codicibus
424 2548 538 2608 satirae
562 2545 703 2608 decimae
725 2549 916 2627 praemissos
946 2566 1051 2628 neque
1081 2549 1114 2609 in
1142 2549 1273 2612 scholiis
1297 2572 1361 2614 ex-

165 2652 315 2731 plicatos:

370 2754 478 2830 Lucili,
504 2771 594 2832 qoem
616 2754 660 2814 sis
684 2752 854 2829 mendosae,
881 2761 953 2814 teste
977 2754 1097 2833 Colone,

371 2854 528 2935 defensore
551 2863 610 2930 luo,
632 2856 821 2935 pervincum,
847 2859 902 2937 qui
923 2856 1000 2918 male
1019 2855 1116 2937 socios

370 2959 533 3020 emendo-re
553 2966 648 3039 porat
668 2977 789 3020 versos.
836 2961 898 3020 Hoc
921 2959 1019 3021 temus
1043 2960 1102 3039 ilie,

370 3080 427 3142 quo
451 3063 556 3123 mehor
578 3064 628 3122 eir
650 3069 678 3123 et
700 3070 743 3123 est
766 3062 851 3144 ioppe
873 3061 1012 3124 subtilior
1035 3063 1097 3141 illo,

369 3167 423 3246 qui
445 3166 569 3226 moimm
590 3184 669 3245 puer
691 3173 720 3226 et
741 3165 817 3226 loris
840 3173 868 3226 et
886 3165 1014 3245 fortibus
1036 3166 1106 3228 odis

370 3269 561 3343 eoeioortetee
587 3276 621 3330 ot
642 3276 729 3344 esset,
755 3287 837 3348 opem
860 3271 913 3350 qui
931 3268 1017 3349 serre
1036 3271 1132 3350 poetis

371 3372 503 3453 antiquis
522 3380 623 3451 posset
646 3380 752 3432 cono-o
770 3369 901 3451 fastidio
925 3380 1043 3446 noso-a,

368 3476 638 3557 prommoiieorem
654 3476 784 3555 equilum
799 3474 1001 3536 doctissimos.
1040 3477 1078 3536 Ui
1093 3474 1215 3536 redeam
1232 3477 1318 3540 illoc.

166 3581 302 3640 Primum
326 3580 423 3655 enim,
449 3579 548 3658 siper
571 3587 653 3639 esset
676 3576 819 3638 oodiouin
834 3579 1015 3657 auotoritas,
1043 3597 1125 3658 quae
1148 3597 1210 3639 non
1235 3592 1286 3642 est
1301 3582 1354 3643 vei

165 3701 219 3760 eo,
245 3681 330 3762 quod
360 3682 392 3741 hi
415 3700 527 3742 versus
558 3683 589 3741 in
613 3679 778 3741 Blandinio
808 3681 1028 3760 antiquissimo
1057 3700 1119 3742 non
1149 3680 1351 3762 legebantur,

163 3787 284 3866 quippe
307 3804 386 3864 quos
410 3785 442 3844 in
466 3803 527 3844 uno
550 3783 656 3845 codiee
680 3785 822 3844 Martinio
847 3785 1007 3845 invenerit
1030 3783 1218 3864 Cruoquius‚
1245 3795 1353 3847 tomen

165 3890 185 3949 ii
209 3889 268 3948 hae
291 3906 353 3949 uno
377 3887 417 3948 de
440 3906 533 3950 causo
557 3886 597 3947 ob
621 3888 678 3947 hee
700 3888 796 3948 sotira
821 3886 1002 3948 removendi
1027 3898 1128 3966 erant,
1154 3888 1239 3968 quod
1256 3909 1354 3969 pree-

163 3993 282 4052 elarum
306 3999 354 4051 esi
378 3989 455 4051 illud
480 3991 615 4067 initium,
643 3991 674 4050 in
698 3989 819 4052 modios
843 4009 894 4050 res
916 4009 972 4050 nos
995 3992 1139 4071 rapiens:

319 4095 429 4174 Nempe
452 4095 643 4175 incomposito
666 4094 737 4154 dimi
755 4093 830 4174 pede
852 4112 978 4155 currere
1001 4112 1109 4156 versus

319 4196 427 4272 Lucili,

166 4297 252 4360 idem
275 4309 380 4361 eutem
403 4298 443 4359 ob
465 4318 569 4379 oenepe
592 4299 778 4380 perticulam
801 4317 863 4359 non
884 4299 1006 4378 vulgari
1028 4298 1120 4360 modo
1137 4301 1272 4379 positam
1295 4300 1352 4362 ob-

166 4403 292 4463 tusioris
315 4402 435 4481 ingenii
459 4400 785 4464 hominesoiiendere
808 4401 901 4463 etad
925 4401 1081 4482 explendo
1105 4421 1155 4481 ea,
1183 4422 1266 4483 quae
1291 4405 1351 4484 ipsi
