3076 5122
195 350 266 422 126
611 363 641 424 la
666 362 817 425 Caesetio
840 361 956 424 Nerarn

193 554 289 633 igitar
311 572 411 614 unam
436 551 515 614 illud
530 552 644 613 vitium
668 553 700 612 in
724 553 909 632 pronomine
932 554 996 615 eins
1019 554 1168 634 positum.
1206 554 1298 628 Quod
1321 558 1380 618 etsi

191 659 261 719 sine
292 657 476 736 gravissima
507 658 723 736 proximorum
748 654 919 716 verborum
949 655 1107 719 oblivione
1136 660 1288 720 committi
1319 679 1381 721 aaa

166 760 305 839 epotuit,
331 771 436 820 tamen
460 778 521 820 nan
542 759 615 819 licet
630 747 874 819 vehementiore'
899 761 1092 821 correctione
1116 779 1292 843 removere,
1320 765 1381 824 nisi

192 861 350 942 probabili
380 864 500 923 rationo
524 872 678 922 remotam
703 861 798 922 luerit
821 863 914 942 plane
938 865 1098 941 geminum
1123 864 1202 926 Cim.
1229 867 1259 944 l,
1287 868 1304 926 l
1331 867 1383 927 Sic

191 985 224 1027 se
244 966 387 1049 parendo,
412 967 534 1027 ntirtirac
556 974 600 1027 cst
621 965 813 1044 miranda-m,
847 969 876 1026 si
902 973 930 1027 ct
957 968 1020 1028 aito
1048 969 1113 1028 cias
1138 967 1200 1049 fait
1221 986 1333 1030 secoro
1356 977 1384 1030 et

192 1088 273 1130 mors
297 1068 424 1146 acer·ba;
449 1068 505 1130 ubi
521 1067 606 1150 quod
621 1068 801 1130 Dietscbius
823 1069 929 1148 posuit
951 1071 1093 1151 pereatis,
1121 1073 1193 1150 quis
1216 1070 1382 1152 probabile

191 1172 334 1234 dixerit?
377 1173 417 1233 Et
440 1171 550 1234 eadem
574 1171 749 1246 oblivione,
775 1189 968 1251 quamquam
992 1173 1085 1252 paulo
1109 1174 1245 1253 leniore,
1279 1175 1383 1256 Nepos

192 1277 251 1356 Ep.
270 1278 300 1355 8,
320 1277 338 1336 3
363 1277 490 1356 scripsit
507 1294 580 1356 qne-os
603 1283 672 1337 arde
694 1294 726 1337 se
749 1276 960 1356 imperatorem
983 1295 1067 1336 cremo
1083 1279 1261 1339 lincolniam
1284 1297 1383 1341 cresus

188 1378 252 1460 fait
273 1382 409 1461 aspicere
432 1381 463 1440 in
486 1381 561 1458 acic,
587 1398 669 1460 quae
692 1379 871 1441 Dietscbius
895 1381 1010 1440 intacta
1034 1380 1174 1460 reliquit.

278 1487 309 1563 9,
336 1485 352 1544 l
388 1486 433 1544 Ea
456 1491 555 1544 antem
578 1502 668 1566 rapa,
705 1489 738 1543 nt
760 1482 796 1543 de
819 1483 857 1543 iis
880 1481 970 1544 redas
982 1529 990 1559 ,
1022 1501 1099 1565 qaas
1130 1492 1224 1546 tecam
1253 1486 1387 1569 colloqui

192 1587 268 1665 neila,
294 1605 432 1647 crinalem
461 1585 536 1647 milri
565 1594 680 1667 tempas
703 1585 756 1647 des
785 1604 875 1666 eoque
904 1592 1060 1647 transacto
1083 1586 1125 1648 ad
1146 1595 1173 1649 tc
1195 1589 1301 1649 renire
1320 1608 1385 1670 po-

192 1691 293 1751 tiaris.
339 1691 480 1769 Magnam
503 1687 735 1769 probabilitatis
758 1691 895 1769 speciem
918 1687 1015 1750 babet
1037 1689 1230 1752 Fleckeiseni
1254 1694 1384 1753 coniec-

193 1804 274 1870 tura,
301 1794 356 1873 qui
385 1795 421 1854 Te
443 1801 543 1854 antem
565 1812 637 1875 rapo
660 1792 798 1872 scripsit,
824 1793 1012 1872 praesertim
1040 1812 1111 1854 cum
1135 1803 1208 1855 ante
1231 1813 1267 1855 ea
1290 1796 1383 1877 lega-

192 1905 244 1955 tur·
266 1903 320 1957 est.
360 1895 512 1975 Displicet
537 1906 641 1956 tamen
665 1902 691 1957 lc
713 1903 812 1956 autem
838 1895 927 1956 initio
950 1898 1096 1976 positum,
1122 1907 1283 1978 terraquem
1308 1901 1382 1961 novi

192 1998 271 2078 quid
295 2000 412 2060 inesset
436 1999 466 2060 in
483 2018 635 2080 persona;
663 1997 747 2079 quod
771 2008 907 2077 nonest,
933 2019 1005 2060 cum
1021 1999 1098 2061 baec
1114 2002 1379 2080 praemittantur:

192 2103 280 2163 Narro
310 2110 409 2163 autem
443 2102 567 2184 carrfrrpi
597 2102 638 2163 ad
666 2110 692 2163 tc
722 2104 899 2184 enapitatns
927 2121 948 2161 a
977 2109 1084 2163 nancta
1116 2104 1262 2178 Graecia,
1296 2112 1382 2166 trram

188 2213 292 2286 peteris
321 2207 496 2268 amicitiara.
545 2208 644 2282 Onam
666 2207 696 2266 sr'
716 2224 767 2266 ero
797 2205 941 2287 adeptas,
974 2225 1034 2267 non
1063 2208 1165 2268 minas
1195 2226 1240 2268 mc
1270 2207 1382 2270 bonoim

191 2311 322 2371 remitam
336 2308 468 2388 babebis,
494 2329 587 2391 qream
607 2308 718 2390 sortem
740 2309 896 2370 inimicam
919 2308 969 2370 illc
991 2315 1139 2390 ceperas
1162 2318 1216 2372 est.
1246 2311 1384 2374 Videtur

192 2413 288 2492 igitar
310 2413 415 2494 potius
437 2411 608 2475 dicendum
640 2411 737 2474 luisse
760 2414 838 2495 Rapo
861 2419 961 2474 antem
984 2420 1019 2473 tc.
1072 2413 1181 2493 Neque
1213 2415 1383 2495 explicatio

192 2517 323 2597 pluralis
346 2516 472 2577 numeri
496 2535 532 2577 ea
554 2535 571 2577 a
594 2536 644 2577 me
667 2516 838 2597 proposita,
864 2525 909 2594 ut,
936 2534 1018 2595 quae
1041 2514 1270 2596 adiunguntur,
1297 2516 1382 2579 duae

192 2639 243 2681 res
259 2622 345 2681 visae
368 2622 431 2682 sint
447 2621 568 2700 Nepoti,
594 2620 657 2680 ulla
682 2639 720 2680 ex
743 2629 833 2700 parte
858 2617 1076 2700 improbabilis
1100 2629 1158 2698 est,
1184 2640 1256 2682 cum
1280 2620 1379 2700 idem,

191 2743 271 2802 quae
295 2724 353 2804 Ep.
380 2725 411 2802 6,
437 2725 456 2784 ἲ
493 2743 533 2784 ex
564 2723 732 2785 Callistrati
765 2723 905 2783 oratione
936 2723 1104 2800 retulerat,
1136 2720 1266 2806 rlrpivos
1300 2727 1382 2786 enim

186 2827 286 2917 fuisse
311 2829 445 2888 Orestem
467 2834 495 2888 et
509 2824 716 2888 Alcmaeonem
738 2826 937 2902 matricidas;
966 2825 1069 2887 Thebis
1086 2826 1232 2907 Oedipum
1258 2837 1379 2906 natam,

191 2931 243 3009 qni
264 2949 334 2990 cam
352 2937 474 3011 patrem
496 2948 587 2991 sitnm
609 2928 822 3010 interfecisset,
855 2948 898 2991 ecc
926 2936 1024 2991 matre
1047 2928 1156 2992 liberos
1182 2949 1378 3012 procreasse,

191 3032 342 3114 deinceps
365 3034 424 3094 dero
447 3033 612 3115 opprobrio
634 3033 858 3114 appellaverit,
893 3051 1085 3113 quamquam
1117 3052 1151 3094 re
1180 3052 1281 3095 uuum
1308 3054 1381 3097 esse

191 3147 322 3218 apparet
346 3147 377 3199 et
401 3137 467 3217 ipse
490 3157 527 3198 eo
550 3135 641 3198 modo
664 3136 897 3218 significaverat
916 3136 965 3197 bis
982 3135 1088 3197 verbis
1111 3137 1143 3197 in
1159 3139 1305 3199 aratione
1319 3155 1381 3199 san

190 3241 286 3302 rrrrdta
309 3242 444 3302 invectas
466 3248 542 3303 esset
557 3242 590 3302 ia
610 3239 761 3301 Thebanos
784 3247 811 3301 ct
826 3237 956 3322 rlrpr'vos
978 3241 1011 3301 in
1032 3241 1133 3320 eisque
1147 3239 1201 3301 hac
1213 3243 1379 3321 posuisset,

190 3345 326 3406 ‹rninram
354 3344 514 3406 adtremere
543 3342 649 3405 debere
671 3339 828 3421 Arcadas,
865 3343 971 3423 pariles
1000 3350 1129 3424 atraque
1158 3343 1268 3404 civitas
1298 3346 1381 3407 cives

189 3455 392 3529 procreasset,
417 3466 460 3508 em
474 3446 583 3530 quibas
605 3447 642 3508 de
663 3448 769 3509 ceter-is
786 3453 909 3527 possent
931 3445 1081 3525 indicare,
1106 3463 1187 3526 quae
1204 3449 1381 3527 praemissa

191 3562 265 3613 sunt
288 3552 349 3612 illis
372 3549 502 3634 Arpinas
525 3553 603 3612 enim
623 3550 722 3630 faisse
745 3561 777 3611 et
800 3569 831 3630 q.
858 3569 884 3611 s.
1238 3533 1243 3543 ’

277 3658 362 3731 Quas
384 3665 490 3717 autem
507 3664 590 3717 recte
614 3655 646 3715 in
662 3654 764 3734 prima
789 3653 927 3716 editione
951 3654 993 3714 ita
1009 3651 1227 3733 defenderam,
1253 3663 1287 3715 ut
1303 3656 1381 3735 quia

189 3777 340 3839 quaeres
365 3757 448 3821 idern
472 3769 555 3821 esset
577 3769 673 3839 atque
690 3776 777 3839 quae,
804 3757 881 3820 illud
898 3757 1009 3837 Nepoti
1033 3755 1143 3818 eodem
1167 3756 1257 3818 modo
1279 3767 1380 3838 atque

190 3873 302 3924 neutra
326 3864 546 3943 pronominum
571 3873 601 3924 et
630 3861 859 3924 adiectivorum
883 3860 993 3922 verbis
1022 3861 1232 3922 intransitivis
1260 3861 1381 3924 adiun-

191 3986 263 4044 gere
295 3966 423 4029 licuisse
453 3964 604 4028 dicerem.
651 3966 768 4027 iniuria
805 3965 960 4046 spicilegii
989 3965 1106 4045 prioris
1135 3984 1168 4045 p.
1195 3965 1232 4025 l3
1267 3963 1379 4046 [snpra

186 4088 219 4150 p.
242 4068 293 4149 17]
319 4088 396 4150 perae
423 4088 472 4132 me
502 4079 677 4132 correctum
708 4069 800 4131 malle
829 4067 988 4145 dixeram3
1024 4069 1056 4128 in
1086 4066 1224 4129 editione
1253 4069 1379 4130 minore

190 4173 296 4235 statim
324 4172 499 4235 adrerum
524 4173 693 4236 redieram.
742 4174 796 4235 Est
825 4173 908 4234 enim
933 4174 990 4233 boc
1016 4172 1092 4233 satis
1116 4170 1268 4252 frequens
1291 4173 1380 4253 apud

190 4277 340 4353 comicos;
380 4294 419 4338 ex
449 4294 585 4357 quorum
622 4296 683 4338 usu
712 4277 873 4357 complura
901 4277 1032 4338 retinuit
1057 4277 1159 4356 Nepos
1189 4276 1240 4337 vel
1270 4277 1379 4356 potius

190 4379 368 4443 cotidianus
398 4391 429 4442 et
459 4379 624 4442 familiaris
652 4380 832 4461 aequalium
868 4397 987 4458 sermo,
1025 4397 1121 4459 quem
1156 4379 1208 4439 ille
1237 4399 1254 4438 a
1285 4377 1381 4439 libris

190 4485 257 4546 suis
289 4485 429 4547 alionum
460 4504 523 4545 non
548 4484 709 4547 iudicarit.
758 4485 818 4546 lam
843 4483 983 4544 Halmius
1013 4484 1042 4543 in
1066 4482 1187 4543 nuntiis
1209 4484 1381 4544 Monacen-
