3068 5114
577 323 766 386 Srmuaomu
790 344 939 387 carrrouu.
1302 317 1349 389 69

167 514 198 574 in
221 512 370 574 omnibus
386 513 452 575 iere
468 512 639 592 codicibus,
667 524 753 575 certe
777 516 807 574 in
825 516 953 594 optimis
975 536 1037 578 non
1057 518 1173 598 feeerit,
1199 520 1255 581 sed
1276 541 1351 602 per-

163 619 273 700 fecerit
295 618 419 697 legitur,
446 619 556 694 altero,
582 616 636 677 ubi
661 617 738 678 haec
756 618 921 697 leguntur:
949 622 1115 701 interficere
1137 631 1263 685 conatae
1286 634 1345 700 est;

167 732 195 784 et
214 723 352 803 fecisset,
379 722 441 782 nisi
462 722 512 781 etto
535 721 613 781 ctam
635 729 724 782 nocta
746 741 788 782 ea
806 723 974 802 praesidiis
1000 726 1064 785 eries
1087 726 1256 809 effapisset‚
1290 729 1350 789 iam

168 829 383 905 Heusingerus
416 833 581 886 monuerat
614 823 746 886 verbum
777 825 881 905 facere
914 836 949 887 ut
981 847 1076 908 saepe
1107 830 1231 892 vicibus
1260 833 1350 893 verbi

167 941 261 991 ant-ea
283 930 377 1009 positi
401 926 507 1008 iungi,
541 928 584 989 ita
607 937 642 989 ut
665 928 786 1008 fecisset
809 927 893 990 idom
916 940 999 991 osset
1022 940 1116 1011 atque
1140 934 1348 1014 interfecisset.

168 1032 327 1095 Bardilius
356 1051 431 1092 vero
461 1031 606 1112 ascripsit
636 1051 676 1093 ex
704 1032 832 1112 Nepotis
860 1033 919 1112 Ep.
944 1035 975 1111 3,
1003 1035 1020 1092 6
1052 1053 1174 1117 eamque
1202 1056 1352 1099 sacernam

169 1155 234 1197 cam
255 1136 381 1216 fecerat,
408 1154 448 1195 ex
471 1134 583 1195 Catull.
606 1133 637 1213 b,
665 1134 702 1193 10
727 1154 795 1195 cam
816 1136 912 1197 matta
934 1137 1020 1198 mitia
1038 1136 1202 1217 fecerimus
1226 1151 1257 1201 et
1279 1143 1352 1220 qui-

167 1240 228 1301 bus
251 1240 422 1319 praecipue
445 1239 558 1299 nititur
581 1257 620 1298 ex
643 1237 786 1299 eiusdem
810 1237 868 1299 74:
904 1239 1018 1301 Getieas
1041 1241 1183 1303 audierat
1202 1251 1351 1323 patritam

169 1344 331 1424 obiarpare
352 1341 459 1419 solere,
485 1342 514 1401 si
534 1342 600 1422 qais
623 1340 747 1403 delicias
770 1341 882 1403 diceret
904 1350 957 1404 aat
976 1343 1102 1424 faceret.
1149 1347 1212 1407 Hoc
1233 1365 1270 1406 ae
1294 1349 1354 1426 ipsi

169 1446 333 1522 accideret,
367 1445 475 1525 potrai
504 1442 682 1524 perdepsuit
714 1445 813 1524 ipsam
843 1463 973 1506 amarem
996 1454 1022 1508 et
1047 1454 1195 1526 patrarem
1223 1449 1353 1510 reddidit

170 1553 399 1630 Harpocratem.
434 1546 520 1623 Qreod
534 1547 629 1607 votuit
641 1546 730 1627 fecit:
754 1567 826 1608 nam
841 1550 979 1628 poenicis
1002 1550 1131 1611 irrumet
1152 1551 1251 1631 ipsam
1273 1571 1353 1613 isaac

166 1661 324 1734 patruum,
351 1650 474 1712 verbam
495 1669 556 1710 ooo
581 1649 675 1730 faciet
702 1658 845 1730 patritus.
895 1653 1016 1713 Poterat
1046 1655 1220 1732 permulta,
1247 1656 1352 1734 qualia

171 1777 209 1818 ex
233 1755 379 1836 pluribus
401 1753 572 1834 generibus
595 1754 722 1815 collecta
745 1763 820 1815 sunt
851 1755 881 1814 in
907 1755 1005 1816 lexico
1029 1757 1265 1818 Foreelliniano.
1313 1755 1352 1819 At

170 1862 218 1921 his
242 1879 303 1920 non
327 1856 562 1919 demonstratur
586 1856 683 1918 verbo
706 1855 789 1937 quod
823 1867 871 1918 ost
900 1856 1004 1938 facere
1036 1869 1166 1938 praeter
1198 1860 1352 1920 actionem

170 1973 320 2025 eventum
342 1962 472 2022 aetionis
495 1960 677 2040 significari,
704 1960 736 2021 id
759 1960 913 2041 probatur
936 1960 1021 2041 quod
1047 1963 1201 2042 exemplis
1224 1963 1352 2044 probari

168 2088 229 2129 nou
255 2076 303 2127 est
326 2084 471 2143 necesse,
502 2083 573 2125 eum
596 2065 733 2143 aliquem
758 2063 884 2126 efficere
907 2063 1027 2144 aliquid
1051 2066 1120 2127 aliis
1145 2066 1269 2128 indiciis
1297 2069 1353 2129 in-

169 2172 347 2250 tellegatur,
373 2187 467 2248 saepo
484 2167 568 2228 huno
591 2185 659 2227 eam
684 2186 861 2247 remquam
885 2166 999 2228 officiat
1015 2165 1118 2229 iacere
1135 2168 1209 2230 diei.
1244 2172 1350 2250 Neque

168 2277 226 2335 hoc
256 2273 356 2352 magis
386 2272 417 2332 in
448 2271 499 2330 illo
524 2270 620 2332 verbo
651 2269 764 2331 accidit
786 2290 881 2351 quam
916 2272 946 2331 in
979 2272 1053 2344 aliis
1082 2290 1164 2351 quac
1198 2275 1352 2335 actionem

169 2376 359 2459 significant.
393 2375 484 2435 Velut
506 2393 577 2435 cum
601 2374 746 2435 meviam
771 2375 893 2436 munire
917 2373 997 2453 dico,
1024 2383 1054 2435 et
1071 2373 1173 2437 facero
1197 2397 1247 2438 mo
1271 2397 1352 2457 quae

169 2482 236 2543 viae
272 2476 463 2540 muniendae
498 2478 560 2538 sint
594 2487 626 2539 et
648 2478 706 2537 hac
739 2478 861 2538 actione
896 2487 931 2539 ut
952 2479 1004 2538 via
1035 2479 1197 2540 muniatur
1226 2478 1352 2541 efficere

168 2585 346 2665 significare
370 2601 513 2661 possum,
547 2580 604 2642 scd
627 2581 760 2642 alterum
786 2582 826 2641 ita
851 2589 971 2642 tantum
1002 2583 1027 2642 si
1052 2592 1187 2643 eventus
1209 2584 1278 2644 aliis
1303 2586 1353 2644 in-

168 2687 260 2749 diciis
282 2694 498 2765 cognoscatur.
547 2685 589 2744 lta
613 2693 644 2745 et
667 2683 902 2762 Epaminondae
925 2685 990 2745 loeo
1018 2695 1050 2746 et
1071 2683 1157 2766 apud
1181 2686 1292 2748 Catuli.
1319 2687 1349 2765 5,

172 2793 207 2851 {0
232 2809 381 2852 summam
404 2799 435 2850 et
458 2789 554 2849 nitida
576 2788 662 2849 mitio
685 2789 795 2848 effecta
819 2808 888 2849 osse
913 2809 952 2849 ex
983 2789 1077 2849 totius
1107 2789 1165 2849 loci
1195 2793 1352 2851 sententia

170 2894 379 2974 perspicimus
402 2902 434 2953 et
456 2890 542 2972 apud
566 2890 703 2953 eundem
727 2889 779 2968 74,
805 2891 823 2948 b
847 2891 926 2972 qaod
950 2892 1088 2953 ootrterat
1110 2893 1251 2954 offecisse
1275 2893 1353 2954 Gel-

170 2999 244 3060 lium
270 2983 515 3076 intellegimus:¹
554 3015 625 3055 nam
658 2993 689 3055 id
720 3013 817 3056 uuum
842 2995 978 3056 voluisse
1005 3015 1077 3056 eum
1100 3005 1192 3076 poeta
1215 2996 1350 3074 dixerat,
1367 3029 1389 3068 ⁶1

168 3102 219 3163 boc
242 3120 279 3161 ae
302 3101 363 3181 ipsi
376 3099 535 3175 accideret,
562 3096 646 3178 quod
664 3099 769 3179 inepte
787 3097 900 3159 iecisse
917 3097 1087 3178 dicoretur,
1106 3100 1166 3161 uisi
1184 3101 1349 3162 effecisset.

170 3204 320 3266 Eumenis
344 3222 418 3263 vero
441 3203 507 3262 loeo
530 3222 546 3262 a
570 3221 631 3281 quo
654 3200 824 3281 disputatio
854 3210 958 3263 nostra
989 3210 1060 3262 nata
1089 3212 1138 3264 est
1167 3203 1198 3262 in
1222 3203 1353 3264 relativo

169 3309 254 3391 prod,
288 3327 359 3368 cum
383 3305 415 3367 id
438 3304 586 3367 adiuncto
610 3304 708 3366 verbo
727 3305 799 3386 fecit
829 3325 890 3366 uon
920 3305 1086 3367 minusad
1110 3306 1235 3367 credens
1259 3326 1353 3386 quam

169 3412 207 3473 ad
231 3412 352 3491 reliqua
374 3429 454 3489 quae
486 3409 650 3488 superiore
681 3409 844 3470 enuntiato
873 3410 1075 3470 continentur
1104 3407 1218 3470 referri
1241 3410 1349 3490 possit,

170 3517 290 3578 nullum
325 3512 478 3575 indicium
518 3514 599 3574 inest
632 3512 717 3575 uude
753 3512 893 3574 effecisse
924 3513 1096 3574 Eumenem
1132 3514 1352 3593 intellegamus

170 3618 252 3697 quod
282 3617 394 3679 iecisse
424 3615 559 3678 dicatur.
608 3616 715 3695 ltaque
746 3615 798 3676 hie
827 3616 1004 3677 necessario
1035 3616 1121 3691 Quod
1149 3617 1246 3696 effecit
1272 3617 1353 3677 seri·

170 3720 308 3784 bendum
332 3731 409 3782 erat.

253 3824 344 3884 Eum.
371 3844 398 3884 c.
424 3826 443 3883 8
468 3822 608 3884 retertur
630 3819 837 3902 Antigonum,
863 3841 934 3884 cum
958 3820 1039 3884 duae
1067 3832 1173 3884 essent
1194 3824 1265 3883 viae
1289 3842 1351 3903 qua

171 3926 207 3988 ad
231 3927 366 3989 hostium
391 3926 526 3988 hiberna
548 3927 717 4007 pervenire
742 3935 857 4006 posset,
890 3926 989 3987 altera
1012 3926 1132 4005 longior
1155 3936 1186 3987 et
1214 3927 1349 4007 eopiosa,

172 4031 296 4094 brevior
318 4031 428 4109 altera,
455 4030 512 4092 sed
534 4049 592 4109 per
616 4031 680 4091 loca
703 4028 829 4092 deserte
853 4039 884 4091 et
908 4030 1012 4110 iuopia
1035 4047 1134 4108 aquae
1164 4029 1350 4111 laborantia,

173 4147 202 4197 ut
233 4133 450 4216 imprudentes
484 4133 682 4195 adversarios
713 4135 923 4214 opprimeret,
960 4132 1108 4193 breviore
1138 4132 1178 4194 ad
1202 4153 1254 4195 eos
1277 4155 1353 4196 oon-

173 4240 303 4301 tendore
334 4240 546 4300 constituisse.
593 4237 714 4299 Deinde
738 4237 755 4320 §
780 4237 798 4297 7
823 4239 899 4298 haec
930 4239 961 4296 in
993 4235 1153 4298 codicibus
1183 4239 1348 4318 leguntur:

172 4340 214 4404 dd
234 4344 313 4404 banc
341 4361 405 4402 rem
433 4340 645 4419 conficiendam
677 4343 837 4420 imperavit
858 4359 948 4420 oraim
974 4340 1124 4419 plurimos
1154 4342 1233 4401 atris
1263 4348 1350 4420 atpie

173 4448 255 4506 etaim
284 4447 394 4507 crdieos
417 4445 608 4526 comparari,
643 4451 712 4525 post
743 4443 815 4504 berec
845 4443 1003 4527 petatem,
1037 4451 1201 4525 praeterea
1235 4443 1351 4506 cibaria
