3068 5114
526 352 716 415 Srromsemr
737 370 888 414 ostracon.
1250 337 1294 411 91

118 540 192 600 citur
215 558 254 600 ea
276 538 461 602 eondieione
485 538 608 601 adiecta
631 551 665 603 ιιι
690 541 722 602 id
745 541 797 600 liat
821 540 906 621 quod
928 560 991 602 non
1016 542 1059 601 lit.
1108 541 1299 604 ludioativus

116 641 210 705 laturi
235 653 321 704 reete
345 653 528 723 poneretur.
576 644 738 706 Desiderat
762 643 909 705 librarius
933 646 1058 725 scripsit
1088 647 1156 706 soni
1185 647 1299 707 simili·

115 745 220 809 tudine
244 745 335 806 verbi
360 747 438 829 tepet
462 748 493 807 in
517 766 654 807 errorem
680 745 838 809 inductus.

196 849 230 909 C.
258 850 307 926 tr,
337 850 348 908 l
378 850 455 913 haee
478 851 510 911 in
534 848 641 912 codice
664 850 834 931 archetypo
857 853 974 930 scripta
1000 850 1143 912 luerunt:
1170 854 1213 912 De
1232 855 1299 931 pie-

112 962 167 1015 tate
190 962 294 1015 autem
315 951 408 1015 Attici
428 955 501 1035 quid
521 955 617 1034 pluro
641 959 888 1016 commemorem?
924 946 992 1015 eum
1021 955 1074 1015 troc
1102 957 1201 1036 ipsam
1229 975 1300 1017 vere

111 1059 288 1139 gloriantem
312 1058 462 1119 audierim
486 1060 517 1119 ie
537 1058 649 1139 funere
672 1060 779 1119 matris
802 1078 887 1129 sacre,
913 1077 1004 1138 qoam.
1020 1059 1132 1120 extulit
1146 1079 1299 1121 armorum

113 1180 161 1236 xc,
195 1180 265 1222 carr
287 1180 328 1220 ιιι
352 1169 380 1221 et
402 1181 438 1220 ιι
466 1181 498 1222 se
527 1180 691 1241 artmqaom
722 1181 790 1222 erim
820 1169 916 1222 matre
947 1163 978 1221 ia
1002 1164 1140 1243 prolium
1171 1163 1296 1233 redisse,

113 1283 276 1345 aiinrqaom
298 1283 365 1324 cem
389 1283 493 1325 sorore
517 1266 670 1345 fuissem
700 1267 869 1341 simultate,
902 1284 994 1346 qaam
1019 1285 1114 1346 prope
1144 1268 1297 1347 aequalem

113 1367 247 1430 babebat.
296 1369 383 1440 Quae
405 1387 477 1429 eum
501 1371 577 1429 vitio
600 1367 743 1430 laborare
767 1379 970 1449 perspectum
995 1379 1094 1447 esset,
1128 1372 1160 1431 in
1184 1371 1300 1450 pleris-

114 1489 173 1550 que
197 1469 361 1533 codicibus
390 1479 467 1532 esset
494 1481 566 1532 ante
590 1492 630 1531 ιιι
655 1481 682 1532 et
704 1491 756 1549 ιι,
789 1474 820 1532 in
844 1471 1052 1534 Ottoboniano
1080 1472 1201 1534 liaberet
1229 1483 1299 1554 post

115 1593 147 1634 ea
164 1572 263 1634 verba
285 1573 443 1635 adiectum
468 1585 525 1651 est,
552 1576 583 1635 in
608 1575 680 1636 aliis
702 1584 757 1636 aut
780 1594 847 1636 citra
870 1585 924 1636 aut
947 1584 978 1635 et
1002 1576 1059 1635 boo
1081 1586 1112 1636 et
1131 1579 1298 1656 sequentia

116 1695 151 1736 ιιι
173 1684 201 1737 et
224 1695 260 1736 tx
283 1675 387 1737 deleta
410 1687 495 1738 sunt.
545 1679 659 1740 Horum
691 1698 796 1758 neque
820 1680 989 1758 quiequam
1020 1678 1227 1758 probabiliter
1250 1680 1295 1758 fit,

115 1799 216 1860 neque
240 1799 307 1840 eum
330 1788 407 1841 esset
429 1800 469 1841 ιιι
493 1789 520 1842 et
542 1800 595 1858 tx,
628 1781 713 1862 quod
736 1781 875 1843 editores
906 1793 1112 1862 receperunt,
1143 1780 1200 1844 sed
1231 1803 1298 1845 cam

115 1885 174 1962 ipse
196 1892 274 1945 esset
296 1903 337 1944 ιιι
360 1891 388 1944 et
410 1903 456 1961 ιιι,
483 1895 518 1944 ιιι
541 1897 683 1946 accurate
707 1887 805 1946 oratio
828 1885 1096 1964 conformaretur,
1121 1886 1217 1948 scribi
1241 1887 1299 1949 de-

116 1985 221 2061 bebat;
251 2006 313 2066 qua
338 1990 369 2047 in
394 2006 428 2048 re
452 1990 511 2047 etsi
529 1989 678 2068 Nepotem
704 1989 924 2068 neglegentius
949 1999 1107 2051 versatum
1131 2010 1200 2052 esse
1224 2011 1299 2053 con-

114 2100 182 2169 stat,
210 2100 316 2151 tamen
340 2093 520 2153 coniectura
544 2112 601 2171 por
623 2113 658 2154 sc
686 2092 886 2173 improbabili
920 2094 992 2154 talia
1017 2096 1046 2154 ei
1070 2093 1197 2156 obtrudi
1221 2099 1299 2156 ratio

115 2215 172 2256 uon
198 2193 336 2256 videtur.
376 2194 534 2274 Equidem
558 2197 636 2257 nihil
661 2197 710 2257 bie
734 2195 890 2258 excidisse
914 2196 1030 2275 iudico,
1056 2198 1112 2259 sed
1136 2218 1203 2260 crim
1226 2219 1324 2279 par-l

115 2299 240 2361 tieulam
263 2307 362 2360 ortam
386 2318 455 2361 esse
479 2320 518 2361 ex
541 2301 656 2361 litteris
678 2321 758 2379 oren,
785 2319 848 2379 quo
870 2300 1057 2381 compendio
1080 2304 1171 2363 amois
1199 2305 1299 2381 signi-

116 2401 239 2463 ficatum
263 2412 341 2463 erat.

199 2506 232 2566 (l.
262 2507 312 2581 l8‚
340 2506 352 2564 l
382 2506 573 2566 recentiores
596 2507 740 2586 plerique
764 2506 942 2568 defendunt
973 2508 1049 2567 haee
1079 2528 1160 2588 quae
1192 2511 1223 2568 iu
1247 2528 1301 2569 oo-

116 2607 239 2670 dicibus
267 2609 433 2687 leguntur:
475 2611 570 2670 Moris
606 2610 694 2668 etiem
725 2612 877 2670 initiorum
912 2630 1048 2672 sriarmas
1083 2612 1216 2673 imitator
1240 2612 1302 2692 fuit

116 2715 361 2793 antiquitatisque
391 2720 529 2786 amotor;
568 2731 659 2792 qaam
687 2713 761 2773 adeo
784 2714 944 2795 diligenter
966 2714 1069 2775 babuit
1095 2717 1245 2796 repetitam
1267 2724 1301 2778 ut

116 2834 178 2876 eom
200 2823 292 2877 totam
316 2818 347 2876 ia
370 2835 402 2876 eo
420 2817 570 2877 oolrrmiae
592 2819 770 2896 emposuerit
786 2837 842 2897 qao
859 2819 1058 2899 arogistratus
1074 2820 1207 2880 ornavit.
1246 2821 1301 2880 llio

118 2919 222 2980 verbis
244 2921 442 3001 magistratus
466 2921 589 2980 ormooit
610 2921 781 2998 significari
806 2930 919 3000 putant
936 2919 1075 2982 Atticum
1098 2924 1301 3001 magistratus

119 3023 221 3084 relatis
244 3042 352 3083 eorum
377 3023 474 3083 rebus
491 3025 588 3102 gestis
604 3022 791 3085 celebrasse.
838 3024 900 3085 Sed
917 3028 1055 3104 primum
1071 3045 1195 3106 ornare,
1216 3025 1301 3106 quod

118 3135 160 3186 est
184 3127 361 3201 instruere,
384 3145 480 3214 saepe
504 3126 661 3205 signifieat
683 3130 859 3206 speciosum
884 3127 1005 3208 aliquid
1030 3127 1183 3207 reddere,
1216 3131 1301 3191 eele-

119 3227 206 3292 brare
229 3249 292 3290 non
317 3231 415 3309 magis
438 3248 532 3308 quam
558 3239 699 3291 nostrum
724 3231 843 3309 zierea,
871 3233 932 3292 nisi
955 3231 1100 3293 laudibus
1124 3234 1173 3293 vel
1196 3234 1300 3294 simile

119 3331 190 3410 quid
213 3330 394 3393 adiiciatur.
441 3331 563 3393 Deinde
587 3335 660 3412 quis
682 3331 811 3395 tandem
842 3333 903 3394 sibi
934 3333 1140 3414 persuadebit
1162 3333 1299 3397 Atticum

119 3434 192 3497 libro
223 3421 270 3496 iu'
295 3455 357 3516 quo
387 3455 511 3497 omnem
546 3437 655 3517 populi
684 3439 813 3498 Romani
844 3440 1065 3517 antiquitatem
1102 3442 1300 3519 exposuisset
1313 3459 1336 3500 si

120 3543 317 3620 magistratus
340 3543 562 3620 potiusquam
586 3542 771 3600 universum
797 3542 947 3622 populum
964 3543 1139 3603 Romanum
1162 3543 1223 3604 sibi
1246 3565 1301 3606 ee·

121 3641 238 3705 labrare
262 3647 365 3704 visum
390 3663 475 3718 esse;
519 3645 550 3704 in
575 3662 637 3722 quo
661 3643 808 3722 quidem,
845 3665 916 3705 eum
946 3665 1055 3707 omnes
1085 3666 1136 3707 res
1160 3647 1301 3710 illustres

120 3749 221 3828 populi
247 3749 376 3808 Romani
410 3756 515 3808 essent
546 3755 688 3826 notatae,
726 3732 882 3827 permulta
916 3749 1013 3810 relata
1044 3748 1142 3810 luisse
1171 3762 1301 3830 apparet

121 3869 195 3929 quae
219 3851 300 3912 nihil
324 3850 461 3912 lacerent
484 3849 524 3911 ad
548 3849 674 3912 laudem
698 3853 950 3930 magistratuum.
998 3853 1201 3932 Relinquitur
1228 3874 1302 3934 ergo

122 3965 149 4015 ιιι
169 3955 310 4016 Atticum
335 3955 392 4014 hoo
415 3953 495 4014 libro
519 3956 721 4033 magistratus
751 3957 939 4017 instruxisse
969 3958 1218 4037 interpretemur
1240 3976 1303 4037 quo

122 4057 159 4120 illi
189 4062 222 4120 in
253 4057 437 4138 republica
466 4057 714 4119 administranda
744 4058 984 4122 adiuvarentur.
1031 4062 1072 4122 Αι
1094 4061 1152 4121 boo
1175 4080 1302 4142 quoque

122 4163 259 4243 ineptum
291 4172 349 4223 est.
397 4163 480 4222 Nihil
504 4164 587 4222 euim
611 4172 740 4241 praeter
770 4163 932 4225 historiam
962 4164 1019 4225 boe
1049 4163 1129 4225 libro
1158 4185 1303 4247 eompre-

122 4263 249 4328 hensum
274 4276 352 4344 erat,
380 4285 442 4346 qua
466 4268 610 4344 exposita
632 4284 695 4326 non
720 4270 923 4346 magistratus
953 4270 1051 4347 magis
1073 4255 1168 4348 quam
1193 4289 1303 4332 omnes

121 4373 168 4447 ιιιιί
193 4380 249 4431 aut
271 4371 305 4430 in
330 4390 364 4430 ro
380 4368 507 4449 publica
526 4379 729 4430 versarentur
745 4381 798 4432 aut
822 4372 1021 4451 antiquitatis
1044 4372 1175 4435 studiosi
1196 4386 1302 4436 essent

121 4472 363 4541 adiuvabantur;
406 4473 485 4534 nihil
510 4471 549 4533 do
581 4474 620 4532 iis
649 4471 746 4534 rebus
769 4492 850 4553 quae
881 4473 921 4536 ad
944 4476 1044 4556 ipsam
1069 4476 1221 4538 honorum
1244 4477 1302 4539 ad-
