3076 5122
194 305 263 378 166
604 317 636 378 lu
655 316 808 378 Conunnro
831 317 949 377 Nerorn

188 515 342 588 parentes,
368 526 425 588 qno
448 525 539 587 saepe
562 507 621 586 ipsi
643 505 830 585 maioresque
853 522 957 564 eornm
975 503 1197 584 triumphantes
1213 505 1380 581 venissent,

191 630 287 671 xxxiv.
308 613 363 688 62,
388 611 424 669 l3
449 628 544 691 neptae
566 627 649 687 enm,
683 608 719 669 de
741 626 797 688 qno
821 615 950 689 apator,
980 606 1115 688 probare
1136 625 1185 669 eos
1205 623 1296 687 posse
1319 624 1384 667 non

191 714 275 775 modo
297 732 426 793 semper,
452 731 495 773 eoo
516 732 573 793 areo
596 714 756 791 coeperint,
782 710 835 772 sed
858 729 894 770 ne
916 710 971 771 diu
992 710 1112 792 paidom
1128 728 1176 771 eos
1188 709 1382 790 possedisse,·

190 816 308 897 quibus
339 817 413 877 loeis
443 834 548 876 eorum
577 825 608 876 et
638 815 773 875 alterum
802 831 850 875 eos
880 833 942 874 non
967 815 1072 875 minus
1095 813 1283 892 interpolata
1306 819 1384 873 sunt

191 940 285 1000 quam
301 939 348 979 m.
370 918 420 997 tt,
441 921 457 979 l
482 920 641 998 petierant,
668 925 700 978 nt
723 917 782 978 sibi
804 918 835 977 in
858 923 964 978 castra
981 915 1197 978 Celtiberorum
1217 917 1263 976 ire
1279 915 1384 976 liceret

192 1023 233 1084 ael
255 1023 382 1084 ertroeilia
405 1020 568 1083 (nectendas
598 1022 628 1081 si
647 1037 707 1080 non
730 1021 958 1100 impetrassent,
992 1027 1055 1080 nono
1077 1019 1246 1099 separatim
1268 1035 1318 1079 eos
1342 1015 1384 1076 ab

192 1125 254 1186 illis
283 1143 316 1186 se
344 1124 548 1186 corrsultnros.
596 1124 690 1183 Reme
720 1120 840 1182 dietum
864 1131 912 1184 est
934 1121 1125 1202 quibusdam
1148 1121 1224 1182 loeis
1245 1119 1386 1182 demon-

192 1228 358 1290 strativum
380 1225 483 1287 videri
507 1226 655 1306 positum,
681 1225 754 1304 (puio
780 1225 811 1284 in
828 1224 939 1286 eodem
956 1226 1120 1286 enuntiato
1136 1223 1325 1286 rellexivum
1342 1223 1384 1284 de

192 1332 252 1392 alia
276 1350 311 1392 re
334 1340 526 1410 poneretur3
553 1347 665 1390 verum
689 1328 747 1388 hoc
771 1329 839 1389 lieri
862 1347 925 1388 non
949 1338 1082 1408 poterat,
1107 1328 1170 1389 nisi
1192 1329 1288 1390 etiarn
1311 1328 1385 1388 sine

194 1435 251 1494 hae
273 1451 366 1495 causa
390 1431 671 1494 demonstrativum
694 1450 813 1510 ponere
836 1432 988 1510 licuisset,
1013 1430 1047 1492 id
1070 1431 1155 1511 quod
1178 1430 1286 1493 multis
1307 1430 1387 1490 locis

195 1536 310 1598 laetum
334 1534 490 1597 videmus.
538 1536 704 1596 Exeusmio
728 1536 869 1614 quaesita
894 1546 957 1607 est,
984 1536 1069 1614 quia,
1096 1533 1181 1614 quod
1203 1527 1265 1595 usu
1289 1551 1387 1614 prae·

195 1641 347 1718 valuerat,
373 1639 472 1699 solum
497 1648 618 1698 rectum
641 1639 744 1698 visum
768 1648 827 1715 est,
853 1657 922 1698 cum
947 1640 1051 1699 omnia
1074 1638 1152 1700 haee
1168 1635 1390 1717 respondeant

196 1744 342 1823 regulae,
376 1752 410 1802 ut
433 1740 611 1802 subiectum
636 1741 790 1802 enuntiati
815 1742 1001 1820 pronomine
1026 1741 1197 1815 rellexivo,
1227 1740 1309 1801 aliae
1334 1758 1388 1802 res

195 1845 442 1907 demonstrativo
473 1844 703 1923 significentur.
758 1845 874 1905 Verum
905 1844 1009 1906 eidem
1040 1844 1166 1924 regulae
1197 1841 1384 1923 respondet,

196 1947 281 2029 quod
303 1966 380 2009 usus
402 1946 569 2026 praetulit,
597 1956 631 2007 ut
654 1948 687 2007 in
711 1946 890 2009 huiusmodi
913 1947 1085 2008 enuntiatis
1108 1945 1318 2023 secundariis,
1345 1944 1389 2006 de

196 2050 314 2132 quibus
342 2049 497 2127 diximus,
531 2048 570 2110 de
601 2048 745 2111 subiecto
775 2050 930 2111 enuntiati
961 2050 1104 2129 primarii
1133 2067 1309 2129 pronomen
1334 2067 1391 2109 re-

197 2155 348 2216 llexivum
370 2163 555 2234 poneretur.
603 2153 688 2214 Licet
711 2153 797 2214 enim
813 2154 1011 2214 enuntiatum
1028 2151 1252 2214 secundarium
1268 2160 1300 2214 et
1316 2152 1392 2233 ple-

198 2276 273 2319 num
298 2257 497 2318 enuntiatum
521 2256 721 2334 existimare,
749 2274 882 2335 quocum
907 2273 942 2316 re
966 2257 1124 2331 convenil,
1149 2265 1184 2317 ut
1207 2254 1392 2318 subiectum

198 2361 354 2422 enuntiati
377 2360 522 2440 primarii
545 2359 742 2440 significetur
765 2359 950 2438 pronomine
974 2357 1233 2437 demonstrativo,
1258 2368 1290 2421 et
1313 2378 1393 2439 par-

198 2476 262 2526 tem
285 2464 459 2541 enuntiati,
491 2461 577 2542 quod
600 2462 661 2522 nisi
685 2461 808 2523 adiecto
830 2463 982 2542 primario
1005 2481 1068 2523 non
1092 2463 1276 2542 expleatur,
1302 2461 1394 2525 unde

198 2567 300 2645 lluxit,
326 2565 410 2646 quod
433 2585 511 2626 usus
534 2564 708 2640 adamavit,
735 2584 822 2643 eum,
850 2566 876 2626 si
900 2566 1087 2645 primarium
1111 2576 1142 2627 et
1165 2564 1394 2628 secundarium

199 2671 397 2731 enuntiatum
420 2686 478 2747 pro
502 2686 564 2728 uno
587 2677 671 2745 sunt,
698 2666 875 2728 subiectum
899 2669 1043 2748 primarii
1068 2669 1157 2747 quasi
1174 2670 1269 2730 totius
1286 2687 1396 2731 enun-

200 2773 266 2835 tiati
291 2772 331 2832 sit
355 2770 546 2832 subiectum.

284 2874 477 2936 Osoitantiae
501 2873 665 2953 scriptoris
688 2871 849 2936 debentur
871 2874 980 2935 Them.
1006 2875 1036 2953 8,
1057 2875 1075 2934 2
1099 2877 1155 2936 llic
1177 2893 1245 2937 enm
1266 2883 1397 2956 propter

200 2977 310 3039 mnltos
333 2978 397 3037 eires
421 2977 550 3038 virtutes
573 2995 686 3058 mapno
709 2996 776 3038 enm
799 2977 944 3059 dipnitate
967 2978 1084 3039 viveret
1106 2988 1137 3038 et
1155 2979 1188 3037 in
1205 2981 1397 3057 pronomine

201 3080 351 3143 rollenivo
374 3080 488 3141 similia
505 3080 584 3142 Cim.
604 3082 670 3158 l,t
697 3081 749 3143 Sia
771 3099 803 3142 se
823 3080 965 3163 parendo,
992 3083 1114 3143 minime
1136 3090 1180 3143 est
1199 3083 1392 3161 mirandum,

198 3184 228 3246 si
248 3191 277 3244 et
298 3184 362 3244 vita
384 3183 449 3244 eins
469 3181 532 3263 fnit
553 3201 664 3245 secura
686 3191 714 3245 et
735 3202 818 3245 mors
842 3183 970 3261 acerba,
1001 3184 1060 3264 Ep.
1078 3185 1108 3255 8,
1129 3185 1146 3244 3
1172 3202 1246 3266 qnos
1269 3192 1341 3246 anm
1362 3204 1398 3247 se

200 3289 413 3366 imperatorem
436 3304 520 3346 tremo
543 3288 722 3347 Boeotorum
746 3305 843 3348 ausas
862 3285 925 3367 suit
947 3289 1085 3367 aspicere
1108 3288 1139 3347 in
1160 3288 1236 3364 acie,
1262 3285 1303 3349 de
1320 3291 1397 3367 qui-

180 3388 260 3450 ·bus
276 3387 343 3450 dixi
368 3398 399 3450 et
423 3391 454 3449 in
479 3388 673 3450 editionibus
696 3399 727 3451 et
750 3390 845 3451 huius
867 3390 1023 3470 spicilegii
1046 3408 1068 3450 r.
1088 3391 1106 3449 6
1127 3389 1235 3471 [snpra
1247 3409 1281 3470 p.
1301 3391 1393 3473 l26].

200 3491 290 3565 Quod
320 3501 425 3553 autem
447 3490 512 3553 Ant.
539 3494 567 3567 9,
594 3491 612 3552 7
640 3493 788 3553 Rotbium
818 3502 945 3554 secutus
976 3491 1063 3554 edidi
1094 3493 1154 3555 Sed
1182 3495 1295 3554 sensim
1325 3496 1352 3556 is
1376 3515 1397 3556 a

202 3595 355 3656 oronnallis
379 3592 591 3674 optimatibus,
614 3594 825 3675 familiaribus
847 3597 930 3675 eius,
957 3595 1244 3676 reprehendebatur,
1276 3595 1333 3658 ubi
1363 3599 1395 3658 in

202 3696 364 3759 codicibus
390 3696 480 3758 deest
498 3697 729 3778 fertilioribus,
755 3697 788 3759 id
812 3699 845 3759 in
869 3697 1062 3760 editionibus
1085 3700 1192 3761 monui
1215 3699 1394 3762 secundum

202 3803 392 3862 sententiam
409 3799 528 3861 dict-um
553 3820 633 3878 osse,
661 3803 751 3880 quasi
773 3821 831 3882 pro
851 3802 975 3882 passiva
999 3803 1149 3864 orationis
1173 3801 1271 3864 forma
1294 3805 1396 3884 posita

203 3915 287 3966 esset
316 3904 438 3979 activa,
470 3905 560 3966 euius
584 3905 630 3964 rei
654 3904 769 3965 similia
793 3905 936 3985 exempla
968 3906 1001 3965 in
1031 3925 1091 3966 usu
1113 3906 1311 3986 pronominis
1343 3927 1397 3969 re-

204 4008 311 4068 llexivi
341 4006 529 4087 exponendo
563 4000 756 4068 videbimus
813 4007 854 4069 At
886 4008 973 4069 nulla
1008 4027 1042 4069 re
1076 4028 1094 4070 a
1125 4020 1272 4071 consueto
1307 4029 1395 4072 more

206 4109 376 4188 recedunt,
407 4128 599 4190 quamquam
615 4109 655 4172 de
673 4112 780 4191 priore
804 4111 869 4173 loco
893 4131 949 4191 ego
966 4130 1093 4192 quoque
1116 4112 1286 4193 aliquando
1302 4114 1398 4175 aliter

204 4213 309 4292 statui,
336 4232 418 4293 quae
439 4213 590 4293 leguntur
606 4214 695 4275 Dion.
715 4214 745 4292 8,
765 4214 783 4273 5
806 4214 1066 4276 Mulieresnilrilo
1088 4218 1182 4277 setius
1200 4216 1397 4278 Callicratem

206 4318 237 4377 ia
266 4315 370 4377 aedem
398 4318 601 4397 Proserpinae
629 4316 781 4392 deducunt
813 4337 850 4380 oc
881 4319 987 4379 iurare
1021 4326 1129 4401 eopnnt
1161 4319 1237 4380 nobil
1271 4319 1310 4381 ab
1346 4320 1399 4381 illo

167 4420 335 4502 „periculi
358 4418 427 4500 sore
457 4421 564 4498 Dioni,
597 4421 697 4482 Hann.
728 4419 775 4499 ll,
800 4410 832 4481 3¹
860 4423 1008 4484 Eumenes
1038 4423 1138 4485 solnta
1167 4423 1293 4503 epistola
1323 4423 1400 4484 nilu'l
