3068 5114
192 320 240 391 80
611 334 644 395 Ιιι
668 334 818 396 Consano
842 336 957 397 Nuroru

190 534 277 586 rent:
309 533 414 584 utrum
437 521 585 583 omnibus
607 523 645 582 ad
671 525 749 584 tternc
772 543 836 583 rein
860 543 939 603 opus
964 522 1060 584 tuerit
1089 542 1189 585 necne
1216 526 1311 606 piane
1332 527 1373 589 ad

191 647 257 687 retu
280 626 320 687 de
343 646 406 705 qua
428 627 532 705 agitur
554 644 616 686 non
639 628 789 704 pertinet.
839 626 872 686 ld
897 646 970 687 sero
999 627 1152 707 agebatur
1180 639 1216 689 ut
1239 632 1377 709 pecunie

190 732 292 791 oranis
314 739 564 790 conservaretur.
606 730 714 809 itaque
731 731 834 810 Nepos
856 732 938 790 orarii
958 733 1102 811 scripsit;
1129 731 1216 792 unde
1241 735 1377 813 repetita

192 835 333 914 proxitna
357 833 459 893 littera
488 835 584 893 earnis
608 843 639 893 et
661 832 813 913 deinceps
840 852 941 895 ‹ratrres
964 855 981 894 a
1005 834 1142 895 librariis
1172 834 1290 897 iactum
1314 848 1374 899 est.

191 934 274 1009 Quid
297 935 337 995 ab
360 945 485 996 auctore
512 936 664 1014 scriptum
696 947 779 997 esset
802 939 967 1016 perspexit
988 940 1044 1017 qui
1077 939 1231 1018 epitoruas
1264 940 1376 1000 haruin

192 1042 328 1101 vitarum
350 1039 485 1100 coniecit
507 1060 523 1098 a
541 1040 651 1099 Rotitio
674 1060 712 1100 ex
736 1041 843 1102 codice
859 1042 1005 1101 Patavino
1029 1041 1140 1120 editas,
1167 1044 1222 1121 qui
1247 1064 1280 1123 p.
1301 1044 1374 1122 tot,

192 1146 227 1204 ii
256 1143 339 1225 apud
368 1144 514 1204 Rothiurn
549 1143 626 1202 haee
660 1145 780 1223 posuit:
819 1147 978 1224 pecaniam
1014 1164 1086 1206 vero
1119 1164 1234 1206 omnem
1266 1149 1379 1209 statuis

191 1251 291 1309 aureis
314 1264 390 1328 qries
410 1265 510 1308 seorim
533 1246 659 1308 habebat
681 1248 829 1309 inclusa-nr
853 1267 951 1310 secam
975 1249 1017 1310 od
1042 1251 1181 1310 Prusiam
1205 1249 1323 1311 ‹tetotta

279 1352 378 1412 itanu.
406 1351 456 1429 ii,
483 1352 513 1407 6.
531 1359 614 1410 reete
648 1350 796 1411 tarrnbiuo
820 1353 930 1413 vitiosa
955 1354 1020 1413 visa
1051 1363 1125 1414 sunt
1154 1353 1232 1413 haec
1259 1353 1377 1414 verba:

195 1457 351 1535 Postquam
374 1461 472 1514 eutem
502 1471 597 1514 traces
626 1455 785 1534 ooaipietas
815 1466 1038 1536 consperserunt
1065 1456 1270 1537 serpentibus,
1296 1476 1378 1519 aava

192 1577 227 1619 re
246 1558 421 1638 perterriti,
448 1576 515 1617 creor
538 1558 609 1637 qteid
629 1560 816 1638 potissimam
840 1561 973 1620 vitarent
999 1579 1058 1620 noo
1082 1560 1235 1639 viderent,
1257 1580 1379 1642 puppes

193 1668 369 1722 (aeria-riae
397 1679 485 1742 seque
508 1662 548 1721 od
576 1680 633 1722 sua
662 1669 767 1723 castra
795 1667 919 1724 stratatico
941 1665 1120 1724 retroierunt.
1168 1665 1379 1743 Pergamenos

193 1767 276 1825 enirn
294 1766 348 1843 qtri
372 1784 443 1825 eunt
460 1765 616 1845 Bitirpniis
637 1767 868 1845 proeliarentur
883 1785 992 1846 proras
1007 1766 1046 1826 ad
1064 1767 1169 1827 hostes
1192 1785 1375 1845 conversas,

194 1887 317 1949 puppes
340 1887 467 1929 accusas
492 1867 640 1929 iralruisse
663 1880 805 1950 apparet.
853 1872 917 1932 Non
941 1881 1086 1951 poterant
1112 1872 1208 1949 ipit-ur
1230 1881 1378 1932 avertere

193 1970 278 2050 quod
301 1990 446 2031 asersuru
471 1982 547 2032 erat.
596 1974 650 2033 ilis
673 1973 842 2034 contradici
872 1992 934 2034 non
958 1992 1049 2053 posse
1072 1984 1180 2055 putes;
1214 1985 1243 2034 et
1270 1984 1377 2035 tanreu

194 2075 362 2136 Larnbinus
378 2077 495 2136 nernini
513 2087 638 2157 praeter
654 2078 849 2138 Buchnerunr
867 2080 1034 2158 persuasit.
1072 2079 1216 2157 Plerique
1231 2078 1378 2138 codicum

194 2181 383 2260 scripturam
406 2182 482 2241 satis
505 2179 667 2241 ‹ieiensarn
692 2180 832 2242 iudicant
854 2201 871 2242 a
893 2180 1047 2242 Gronorio
1070 2180 1240 2242 observatt.
1267 2201 1309 2242 tv.
1335 2184 1378 2241 ἳθ

194 2304 226 2364 p.
245 2283 307 2343 827
325 2283 376 2344 ed.
397 2285 494 2364 lips,
520 2287 574 2363 qui
595 2304 713 2366 pappos
736 2293 874 2361 avertere
897 2285 980 2347 idenr
1004 2305 1073 2346 esse
1096 2284 1257 2345 contendit
1279 2295 1380 2365 atque

193 2381 328 2472 πρύμναν
350 2381 523 2471 κρούεσιιαι.
572 2388 604 2448 id
628 2389 713 2467 quod
737 2390 804 2449 fieri
829 2391 914 2450 nullo
939 2389 1028 2450 niodo
1052 2399 1165 2469 potest.
1199 2389 1311 2449 Notaui
1329 2398 1378 2449 est

194 2493 277 2552 eninr
303 2492 359 2551 hoc
382 2491 515 2552 Graecos
539 2493 601 2552 ittts
623 2491 730 2553 veritis
752 2493 947 2571 significare:
982 2512 1093 2553 navent
1119 2494 1159 2552 ita
1184 2491 1280 2551 rcrnis
1303 2510 1379 2570 pro-

195 2597 312 2655 ntorori
344 2605 378 2656 ut
405 2598 522 2676 puppis
555 2596 729 2657 antecedat.
778 2598 844 2668 Oua
875 2599 993 2658 ratione
1022 2597 1190 2675 suntquis
1219 2594 1259 2655 ab
1288 2595 1379 2656 hoste

195 2699 344 2760 recedere
368 2700 445 2778 vuit,
472 2701 512 2778 oi,
538 2702 563 2761 si
589 2720 727 2780 puppcnt
751 2701 790 2761 ad
814 2702 933 2762 hostem
958 2719 1138 2761 conversana
1164 2699 1273 2777 inritet,
1300 2718 1379 2759 sane

195 2814 242 2863 est
265 2803 450 2880 atvertenda3
479 2805 504 2865 si
528 2824 682 2882 aversani,
709 2806 764 2885 qui
790 2806 842 2865 iiet
865 2815 899 2866 ut
916 2808 1059 2866 avertat?
1081 2805 1146 2863 Non
1163 2805 1263 2883 rrrttgis
1279 2802 1378 2863 verba

193 2925 308 2987 puppes
330 2915 506 2968 ‹reverter-ant
522 2907 651 2968 defensa
674 2918 748 2969 sunt
771 2928 787 2967 a
805 2909 928 2969 Brornio
950 2917 980 2967 et
997 2907 1146 2984 itaeirnio,
1172 2925 1306 2985 quorunt
1324 2905 1379 2966 iiic

196 3012 272 3071 nihii
297 3011 347 3070 his
371 3010 476 3071 vertas
501 3011 630 3072 indicari
649 3013 767 3091 putarit
794 3013 854 3071 nisi
874 3013 1078 3090 Pergamenos
1100 3010 1236 3071 natibus
1258 3007 1376 3085 abisse,

197 3116 356 3175 littehnius
380 3114 541 3195 puppibus
565 3136 661 3176 naues
684 3117 853 3195 significari
879 3115 1081 3176 existimarit.
1131 3116 1245 3174 iiarunt
1273 3114 1381 3192 exrdi-

195 3220 351 3279 catiouurn
376 3220 463 3298 prior
485 3219 562 3280 adeo
586 3229 633 3280 est
656 3222 818 3300 nugatoria
850 3230 883 3280 ut
907 3218 1038 3279 refutari
1069 3237 1130 3279 nou
1155 3217 1284 3291 ‹leireat;
1321 3237 1380 3297 pro

198 3324 267 3382 nasi
298 3332 403 3383 autern
428 3324 544 3403 puppis
567 3346 584 3382 a
615 3325 700 3384 rruiio
734 3324 887 3405 scriptore
917 3323 1073 3404 pedestris
1107 3323 1256 3383 orationis
1286 3323 1381 3400 pauio

196 3428 373 3505 antiquiore
398 3428 497 3506 posita
521 3438 570 3487 est
597 3426 645 3508 (tie
669 3448 730 3507 qua
755 3449 787 3488 re
811 3427 892 3488 dixit
915 3428 1047 3499 Quintil.
1075 3446 1137 3486 vnr.
1157 3429 1187 3503 ti,
1206 3427 1271 3506 20),
1297 3443 1339 3485 ne
1362 3447 1381 3485 a

199 3538 285 3610 pocta
309 3529 439 3609 quidenr
465 3532 517 3609 ita,
544 3540 637 3610 puto,
665 3542 700 3591 ut
722 3532 878 3591 sentent-ia
902 3531 1145 3611 periclitaretur.
1192 3527 1381 3588 Assentien-

198 3633 272 3694 duni
307 3642 354 3694 est.
390 3634 484 3712 igitur
518 3633 666 3694 Lttntbino
705 3635 856 3695 hacteuus
891 3633 973 3713 quod
1009 3632 1149 3693 cotiicurn
1188 3632 1380 3710 scripturam

198 3738 339 3797 vitiosant
371 3755 441 3797 esse
470 3736 566 3798 dixit:
609 3737 664 3798 sed
696 3758 776 3817 quae
808 3739 837 3797 ei
869 3736 1090 3799 substituenda
1127 3754 1195 3795 osse
1232 3735 1379 3813 coniecit,

160 3873 181 3913 rt
195 3861 308 3922 proras
332 3829 522 3902 ‹aterio-aar·
557 3851 610 3902 aut
637 3860 753 3923 puppes
787 3842 1002 3919 (aduiteram,
1040 3860 1146 3901 eoruru
1176 3840 1265 3920 prius
1294 3842 1385 3920 onini-

199 3945 419 4024 probabilitate.
444 3944 643 4023 destituitur,
676 3947 808 4006 alterurn
833 3965 893 4006 nou
920 3948 960 4005 ita
985 3955 1067 4006 esset
1090 3964 1106 4005 a
1130 3945 1247 4023 Nepote
1276 3944 1383 4024 scrip<

199 4059 283 4128 tunt,
309 4048 364 4109 scd
386 4066 502 4128 prippcs
525 4049 566 4107 ad
588 4049 684 4110 hostes
707 4057 873 4111 verterunt.
921 4050 1032 4109 Metius
1056 4049 1237 4108 Buchnerus
1263 4065 1383 4127 puppes

198 4160 409 4213 eorraateamt
443 4152 647 4212 scribendum
681 4155 858 4233 suspicatus
893 4163 950 4212 est.
998 4152 1070 4211 Mihi
1102 4162 1204 4211 tanren
1240 4151 1382 4211 ornnium

200 4257 334 4317 ntttxinte
358 4255 520 4336 probabile
540 4258 642 4317 visunt
667 4266 714 4317 est
734 4276 851 4337 puppes
874 4263 1029 4316 ‘pertentat
1053 4276 1068 4315 a
1086 4256 1204 4335 Nepote
1227 4255 1383 4334 scripturn

202 4360 297 4439 idque
328 4370 361 4420 ut
396 4361 580 4420 insolentius
603 4380 620 4420 a
644 4360 781 4420 librariis
812 4370 964 4421 rnutatunr
994 4379 1074 4420 esse.
1123 4359 1247 4439 Puppes
1270 4357 1383 4419 eadem

202 4465 321 4525 ratione
347 4483 410 4542 qua
434 4474 522 4541 terga
545 4464 624 4523 serti
648 4463 808 4525 dicuntur.
