3068 5114
560 353 750 415 Srrcrmemu
773 353 809 415 11.
835 355 866 414 2.
1232 338 1304 409 147

124 540 164 600 le
188 542 260 621 quio
280 559 358 617 mom,
391 546 425 600 ot
449 538 542 620 forsit
562 539 702 602 horrorem
726 543 799 602 lore
820 539 896 603 milti
915 540 1051 603 inrideat
1071 542 1187 622 quivis,
1213 542 1257 602 ito
1280 549 1306 603 te

123 661 238 724 quoque
258 645 405 720 amicum,
433 645 463 722 9,
490 643 530 704 25
562 643 698 705 invident
719 643 797 724 qood
825 652 853 704 et
876 645 1092 726 limmopeoes,
1124 662 1175 725 epo
1204 650 1302 720 corilo,

123 747 193 827 Epi.
219 766 241 808 ι.
262 748 311 825 ll,
331 748 365 808 ll
395 746 509 808 moidet
529 765 618 807 esrem
641 749 804 829 Lipoormm
827 754 855 808 et
873 747 992 828 pecoris
1015 746 1069 809 tibi
1089 748 1154 809 colo
1176 755 1306 829 capulus
1350 764 1353 770 ·

123 857 151 911 et
164 851 262 925 iorli;
286 848 380 912 Ovid.
405 870 445 910 ex
468 850 500 910 P.
527 868 560 911 rr.
579 851 610 929 8,
629 852 669 911 59
694 850 779 926 Quod
802 853 943 931 quoniam
964 849 1050 912 nobis
1072 851 1181 912 invidit
1201 851 1307 913 inutile

120 953 240 1033 sotum·
264 953 361 1014 Silius
383 972 425 1014 ιιι.
444 954 504 1014 000
528 972 583 1014 nec
602 953 720 1035 somam
742 955 852 1016 invidit
866 952 990 1035 Apollo,·
1014 954 1157 1016 Valerius
1179 955 1307 1017 Flaccus

123 1077 154 1117 v.
181 1057 241 1118 507
270 1059 312 1118 Tu
334 1057 419 1119 modo
441 1076 479 1118 rte
502 1058 603 1122 cleros
625 1059 737 1138 Minyis
760 1058 909 1120 invideris
931 1065 1027 1120 octos.
1063 1056 1104 1118 m
1126 1057 1211 1138 apud
1232 1077 1307 1138 pro-

123 1179 177 1222 sae
199 1162 349 1222 orationis
372 1164 542 1240 scriptores
564 1180 605 1222 ne
628 1173 796 1241 argenteae
812 1160 942 1242 quidem
966 1162 1076 1223 aetatis
1097 1161 1189 1242 Plura
1212 1181 1306 1242 quam

123 1267 182 1325 tria
206 1265 351 1346 exempla
374 1267 515 1346 reperio:
541 1265 608 1326 Vel.
628 1267 707 1328 ilar.
733 1285 776 1326 ιιι.
802 1268 833 1345 3,
860 1275 924 1327 ext.
952 1267 963 1326 l
992 1285 1030 1327 me
1053 1265 1184 1326 eiusdem
1207 1266 1308 1328 leodis

123 1370 429 1429 commemorationem
459 1369 597 1429 eaeternis
626 1367 836 1444 inoideoomm
868 1368 956 1430 Gort.
981 1387 1020 1430 rx.
1048 1370 1078 1446 i,
1104 1368 1139 1431 al
1167 1387 1205 1428 me
1228 1371 1308 1430 imoi-

123 1471 229 1533 cerem
256 1471 315 1532 sibi
344 1471 482 1546 leudem,
519 1490 609 1552 qoam
632 1479 765 1552 peteret‚·
802 1472 879 1532 Plin.
913 1471 944 1532 b.
971 1491 1003 1532 n.
1028 1490 1078 1533 xv.
1104 1473 1134 1549 2,
1162 1474 1181 1531 8
1206 1471 1311 1532 Cereri

123 1581 215 1635 totum
238 1574 270 1634 id
296 1572 428 1653 (Africae
452 1573 561 1656 solum)
594 1582 710 1637 motura
738 1576 897 1653 concessit,
931 1575 1027 1636 oleum
1056 1594 1092 1635 oc
1118 1576 1224 1635 vinum
1248 1594 1309 1635 mori

122 1677 230 1738 invidit
251 1684 367 1740 iontem
390 1678 523 1758 solisque
544 1679 660 1760 plorioe
683 1680 714 1740 ιἰι
736 1678 884 1740 messibus
903 1678 984 1759 fecit.
1034 1677 1082 1739 Ex
1106 1676 1224 1756 quibus
1246 1676 1308 1739 duo

122 1781 244 1860 priores
266 1778 413 1841 dubitare
442 1781 515 1844 lieet
544 1799 583 1842 an
611 1781 784 1842 ablativum
807 1781 988 1862 posuerint3
1017 1779 1107 1840 Plinii
1137 1781 1220 1858 loco,
1253 1781 1308 1860 qui

121 1891 290 1962 corruptus
312 1893 371 1959 est,
396 1883 538 1961 Silligius
561 1882 769 1964 probabiliter
798 1892 914 1946 totilum
943 1902 1004 1946 ooo
1027 1882 1135 1945 invidit
1165 1882 1309 1945 seriben-

121 1984 198 2046 dum
214 1986 358 2047 coniecit.
393 1985 569 2066 Madvigius
584 1997 700 2065 autem,
726 2006 797 2048 cum
821 1987 957 2048 immilem
981 1987 1076 2049 elicui
1090 1986 1207 2066 aliquid
1222 1984 1309 2068 apud

121 2091 281 2150 neminem
304 2090 432 2151 omnino
454 2088 555 2151 bonae
583 2092 697 2152 aetatis
730 2092 917 2171 scriptorem
939 2108 1053 2170 prosae
1083 2091 1233 2151 orationis
1256 2109 1311 2152 re-

123 2192 221 2274 periri
243 2192 464 2271 contenderet,
490 2193 617 2274 Nepotis
640 2193 772 2274 quidem
795 2193 864 2271 loci,
891 2212 987 2273 quem
1014 2211 1109 2275 supra
1134 2195 1307 2274 posuimus),

123 2313 185 2356 oon
209 2296 364 2356 meminit.
406 2294 468 2356 Sed
492 2296 571 2377 quin
595 2296 621 2356 is
643 2305 812 2377 corruptos
834 2297 887 2375 sit,
912 2294 1045 2358 dubium
1069 2313 1131 2357 non
1154 2305 1218 2371 est;
1245 2296 1309 2357 leni

122 2407 230 2461 autem
253 2397 393 2461 remedio
416 2417 433 2459 a
457 2397 549 2461 nobis
571 2397 714 2461 adhibito
737 2399 905 2476 invideant,
932 2406 967 2465 ut
989 2400 1193 2479 saepissime,
1219 2398 1312 2461 abso-

124 2503 188 2564 lute
213 2513 359 2583 ponetur,
384 2521 468 2580 oum,
494 2503 545 2563 cui
569 2503 615 2563 rei
640 2501 814 2581 invideant,
841 2503 1043 2584 perspicuum
1067 2503 1117 2563 sit.
1168 2501 1202 2563 ld
1224 2503 1310 2565 enim

124 2605 204 2667 malo
228 2624 322 2687 quam
346 2608 451 2686 ipsum
471 2603 613 2668 dativum
637 2607 833 2687 pronominis
849 2604 1089 2667 demonstrativi
1112 2623 1152 2666 ex
1167 2607 1311 2686 proximo

121 2708 199 2788 puori
214 2709 409 2789 intellegere,
435 2726 627 2789 quamquam
642 2729 682 2772 ne
699 2709 733 2772 id
749 2707 881 2789 quidem
897 2711 1098 2789 grammatica
1114 2709 1195 2771 ratio
1209 2717 1306 2772 vetat.
