3068 5114
550 363 740 422 Setcueemu
762 378 912 420 cntrtccu.
1273 348 1321 418 83

143 548 217 629 prod
239 550 271 608 in
294 567 329 608 ea
349 550 539 628 potissimum
561 548 637 609 urbe
658 556 749 609 notus
772 557 817 609 est
837 551 943 629 inqua
959 549 1141 609 domicilium
1163 550 1244 610 orbis
1259 558 1322 611 ter·

143 671 247 712 rarum
271 659 348 712 esset
370 653 500 732 imperii,
525 660 559 712 ut
581 653 706 712 candent
729 660 755 712 et
776 653 910 731 putrium
926 652 1047 713 tribuet
1066 660 1093 712 et
1108 652 1246 728 (tomttm;
1270 653 1323 714 hoc

141 758 286 835 specimen
314 756 497 835 prudentiae
525 756 619 836 qnod,
655 776 721 816 cum
756 757 788 815 in
819 774 885 816 enm
915 775 947 816 se
975 757 1124 817 ciuitatem
1152 758 1324 818 eorstulisset

140 877 214 938 prae
236 860 415 940 antiquitate
436 859 621 920 dumoru'tate
643 859 839 938 doctrinaque
862 868 1037 939 praestaret
1057 879 1168 936 omri-es,
1193 878 1274 919 erneis
1297 862 1325 920 ei

136 962 230 1041 fuerit
252 964 444 1024 carissimus.
493 965 549 1022 Hie
571 963 639 1024 leve
664 965 776 1023 vitium
800 973 1011 1023 extrernorum
1035 963 1205 1023 verborum
1237 973 1322 1023 reete

138 1065 176 1125 nb
199 1067 396 1146 Heusingero
425 1066 584 1127 sublatum
615 1076 680 1144 est,
712 1069 766 1146 qui
791 1086 871 1127 cirrus
895 1069 922 1125 ci
936 1067 1005 1146 'fetr't
1033 1069 1212 1127 carissimus
1242 1069 1323 1128 scri-

139 1168 279 1231 bendum
292 1173 438 1266 monuit.
484 1170 619 1230 Cresius
642 1173 804 1251 superiora
828 1170 925 1230 verbe
951 1189 1120 1249 occupasse
1143 1179 1176 1230 ut
1199 1171 1322 1231 enrrdem

139 1281 164 1333 et
183 1275 320 1354 pti-triam
335 1273 457 1335 haberet
479 1282 506 1355 et
521 1274 640 1334 denium
663 1277 794 1353 exposui
818 1277 849 1334 in
867 1275 1013 1352 Phiioiogi
1031 1275 1322 1336 Schneiden'iniani

140 1377 198 1436 voi.
219 1396 228 1437 t
251 1398 282 1457 p.
311 1379 383 1437 668.
431 1378 548 1455 Negavi
573 1379 655 1437 enim
676 1374 716 1438 ¹eo
739 1378 824 1457 tpxrod
848 1377 969 1437 Atticus
986 1380 1099 1439 Romae
1123 1388 1207 1438 esset
1231 1389 1323 1439 natus

139 1481 283 1541 effectum
302 1499 372 1541 esse
393 1490 428 1540 ut
449 1483 475 1541 is
497 1481 527 1540 in
550 1480 661 1541 eudem
681 1480 761 1540 urbe
778 1480 971 1541 domicilium
989 1480 1131 1558 haberet,
1157 1480 1242 1559 qnod
1261 1499 1322 1540 non

139 1603 211 1644 cusu
235 1583 397 1662 noscendi,
424 1584 480 1645 sed
504 1583 642 1663 eligendi
668 1583 784 1645 iudicio
801 1585 1079 1645 constituerentur.
1113 1586 1180 1656 Quo
1197 1586 1322 1644 nomine

140 1688 353 1766 reprehensus
381 1707 451 1748 sum
475 1707 491 1748 a
515 1688 746 1764 Fleckeisenin,
784 1689 838 1766 qui
869 1686 1011 1747 eiusdem
1036 1688 1182 1766 Philolagi
1209 1690 1268 1748 vai.
1296 1706 1324 1747 tv

140 1811 168 1870 p.
187 1792 251 1850 339
275 1801 346 1852 note
370 1794 410 1852 29
435 1794 583 1872 Nepotem
608 1792 727 1852 (tortium
751 1793 806 1851 hoc
830 1792 894 1850 loca
922 1811 983 1851 non
1008 1790 1127 1852 dixisse
1151 1792 1206 1852 ubi
1231 1791 1323 1852 hebi-

140 1904 218 1955 taret
240 1895 381 1973 AttieuS,
407 1895 463 1956 sed
489 1895 542 1955 nbi
567 1892 767 1956 nutus⁰esset
796 1895 956 1955 contendit
979 1894 1128 1974 idemque
1152 1895 1321 1956 discrimen

140 1999 332 2077 significasse
368 2000 453 2079 quod
481 2019 498 2060 a
523 2000 672 2060 Cicerone
704 2000 743 2060 de
772 2000 854 2077 legg.
881 2018 913 2058 n.
940 2000 1014 2076 Η
1051 1999 1246 2060 indiceretur
1274 2000 1324 2060 his

140 2101 259 2162 verbis:
293 2121 344 2184 epo
367 2102 504 2163 erunibus
526 2103 728 2184 utstnicipibus
751 2104 829 2164 deicis
852 2122 916 2162 esse
939 2122 1040 2163 censeo
1066 2106 1204 2183 patrias,
1229 2123 1322 2164 unum

140 2213 279 2278 traturae,
305 2207 434 2267 niteram
458 2208 588 2268 cr'uitutis
612 2217 642 2267 et
667 2206 759 2286 punio
783 2216 850 2286 post
875 2207 1004 2267 alteram
1027 2208 1085 2267 ioci
1102 2209 1249 2287 patriam,
1275 2208 1324 2268 al-

139 2315 232 2369 teram
264 2311 354 2370 iteris.
402 2311 466 2388 Ego
495 2329 571 2370 xero
601 2311 807 2370 vehementer
836 2312 934 2370 miror
961 2310 1038 2370 hece
1073 2313 1139 2390 ipsu
1164 2311 1323 2370 Ciceronis

140 2411 235 2473 verbe
258 2413 508 2474 Fleckeisenium
531 2433 592 2474 non
617 2414 780 2474 edocuisse
806 2414 857 2473 nto
881 2432 963 2492 quere
994 2413 1078 2493 upud
1102 2415 1252 2494 Nepotem
1277 2415 1322 2474 ie-

139 2527 258 2594 gnntur
279 2535 340 2577 non
365 2518 406 2577 itu
430 2528 465 2578 ut
489 2519 585 2578 voluit
611 2519 761 2597 explicari
787 2537 887 2596 passe.
930 2517 1013 2588 Ouid
1037 2519 1144 2578 enim?
1171 2537 1241 2578 eum
1265 2538 1322 2597 pn-

138 2623 196 2680 triu
219 2630 251 2681 et
268 2621 325 2681 loci
349 2620 403 2682 nbi
427 2631 522 2682 natus
545 2630 591 2681 est
608 2622 724 2700 eliqnis
748 2631 779 2681 et
802 2622 939 2681 civitatis
959 2622 1220 2699 significationem
1237 2641 1322 2681 eom-

138 2724 325 2803 prehendat,
352 2735 436 2785 recte
459 2726 576 2804 uliquis
599 2734 631 2784 et
654 2727 785 2804 patrium
811 2724 927 2785 habere
959 2725 1072 2786 urbem
1095 2736 1126 2784 et
1157 2727 1187 2784 in
1212 2724 1320 2784 euclem

138 2838 229 2889 uetus
246 2848 314 2889 esse
331 2827 479 2890 ilicetum
524 2830 617 2888 Recte
640 2829 738 2904 igitur
754 2848 825 2888 estin
844 2829 929 2907 loqui
947 2828 1071 2908 putabit
1087 2829 1320 2889 Fleckeisenius

139 2934 191 3011 qui
215 2951 249 2992 se
273 2941 304 2991 et
327 2951 441 3011 corpus
464 2942 495 2991 et
518 2941 611 3011 capnt
636 2931 752 2991 habere
776 2931 871 2993 client.
919 2932 982 2993 Sed
1006 2932 1164 3011 confugiet
1189 2928 1320 2993 iactasse

138 3054 171 3095 eo
194 3045 229 3095 ut
245 3035 399 3095 Romanos
421 3037 576 3096 eomnmni
602 3035 753 3114 loquendi
777 3036 1005 3096 cousuetudine
1029 3056 1098 3096 enm
1123 3046 1245 3097 tantum
1266 3056 1321 3116 pn-

138 3139 227 3199 triem
243 3138 363 3199 dixisse
387 3139 648 3218 contendatqune
674 3141 751 3199 iuris
776 3151 858 3199 esset
883 3138 979 3219 idque
1003 3142 1072 3220 ipso
1095 3141 1145 3200 iilo
1162 3142 1321 3200 Ciceronis

138 3243 199 3303 ioco
224 3242 351 3323 probari
376 3243 579 3319 existimabit,
606 3264 669 3322 qua
693 3264 764 3303 cnm
789 3244 897 3303 Cicero
923 3244 1027 3303 vilium
1052 3264 1148 3324 prope
1163 3243 1319 3324 Arpinum

139 3364 317 3423 germanum
347 3366 434 3408 suem
465 3357 495 3407 et
519 3347 625 3407 [ratris
648 3349 782 3427 putrium
806 3347 956 3423 dixisset,
982 3345 1106 3409 Atticus
1132 3349 1317 3427 paulopost

139 3451 196 3511 Sed
218 3450 296 3511 iilud
319 3458 428 3523 tamen,
455 3451 574 3529 inquit,
601 3452 689 3530 qrecde
711 3458 754 3510 est
776 3451 854 3531 qstcd
875 3451 968 3531 paulo
991 3458 1060 3511 arcte
1082 3450 1208 3522 dimisti,
1240 3450 1320 3512 trine

138 3554 230 3615 iocum
263 3573 440 3635 pertundam
471 3557 606 3634 petriam
637 3573 701 3614 esse
730 3556 888 3615 uestram?
923 3554 1070 3634 ricimere-id
1098 3553 1177 3614 duas
1206 3554 1320 3616 debetis

137 3661 278 3737 patrias?
306 3678 347 3718 uu
370 3667 413 3719 est
435 3678 499 3718 etna
521 3659 577 3718 itta
598 3659 704 3738 putria
726 3660 913 3718 continueris?
942 3660 1005 3718 uisi
1022 3657 1101 3738 farte
1123 3660 1253 3738 sapienti
1275 3661 1322 3720 iili

140 3763 243 3823 Gotoni
260 3762 323 3843 pret
341 3764 447 3843 patria
468 3782 528 3823 oron
552 3765 662 3840 Reum,
694 3762 746 3821 sed
774 3763 944 3822 Tusctdum.
992 3761 1082 3832 Quod
1106 3781 1165 3821 non
1191 3772 1238 3822 est
1263 3764 1315 3840 itn,

138 3885 238 3946 neque
269 3885 419 3946 umquem
448 3866 526 3926 adeo
550 3867 678 3926 Ronmni
710 3876 849 3945 apertam
874 3864 1019 3927 voenbuii
1051 3866 1136 3925 iilius
1165 3868 1318 3944 originem

138 3969 277 4030 oblivisci
302 3980 472 4050 potuerunt
494 3980 529 4030 ut
553 3990 589 4030 eo
613 3970 762 4031 nuseeudi
781 3970 880 4029 iocum
906 3988 966 4029 nan
990 3970 1215 4046 sipnitienrent.
1255 3969 1318 4030 Sed

138 4072 255 4134 Atticus
285 4093 356 4134 eum
389 4072 467 4134 dnus
495 4076 551 4134 uni
583 4074 700 4133 honiini
740 4075 856 4152 patrias
885 4092 954 4133 esse
985 4092 1045 4133 non
1076 4092 1165 4152 posse
1195 4083 1316 4152 putaret

143 4174 233 4256 (quod
258 4197 292 4237 re
317 4197 391 4238 vern
416 4179 482 4238 fieri
506 4198 568 4238 non
591 4187 695 4257 potest
722 4197 792 4237 cum
823 4187 967 4238 nccurute
1000 4178 1174 4256 loquimur3
1218 4189 1318 4258 potest

140 4283 234 4359 petrin
259 4283 341 4342 inter
363 4280 442 4342 dues
464 4281 561 4342 urbes
582 4281 683 4342 divisa
708 4280 802 4360 esse),
828 4280 885 4341 sed
908 4301 978 4341 eum
1004 4283 1044 4341 ita
1069 4291 1221 4342 statueret
1236 4281 1318 4342 Atti-

139 4404 206 4464 cuS,
243 4404 314 4446 cum
338 4388 411 4465 qnis
435 4388 465 4446 in
489 4387 548 4446 otia
577 4385 658 4447 urhe
681 4395 774 4445 nutus
797 4386 878 4445 eiius
901 4387 979 4446 civis
1009 4395 1108 4461 esset,
1135 4387 1208 4464 quin
1239 4387 1317 4446 iuris

138 4487 224 4570 longe
247 4490 346 4550 maior
369 4491 400 4549 in
426 4492 487 4550 vita
512 4490 674 4550 hominum
698 4491 747 4549 xis
776 4498 843 4549 erut
866 4509 959 4568 qitzsm
989 4498 1121 4549 naturae
1148 4509 1216 4549 eom
1246 4499 1317 4549 tnn-

1074 4608 1110 4655 G}
